3592 5817
865 867 1025 932 224
1258 881 1653 930 nsc1s'rntm
1697 879 2101 930 PALATINUM
2147 879 2632 930 DUNELMENSE.

594 1056 837 1107 ’ΜΒ-1339·
892 1061 1209 1138 dioecesis,
1276 1067 1346 1126 et
1418 1036 1731 1146 magister
1803 1059 2175 1124 Willelmus
2265 1059 2348 1124 de
2423 1059 2709 1136 Melton’‚
2783 1003 2998 1123 rector

894 1164 1181 1230 ecclesiae
1226 1164 1308 1228 de
1354 1155 1707 1238 Aldeston',
1755 1161 2220 1228 Dunehnensis
2265 1161 2579 1238 dioecesis,
2641 1160 2995 1225 intendant

896 1285 1017 1332 sua
1060 1265 1379 1352 praedicta
1421 1263 1752 1340 beneficia,
1801 1285 1886 1328 ex
1952 1264 2164 1329 causis
2209 1263 2426 1341 licitis,
2473 1263 2782 1329 canonice
2849 1283 2994 1347 pest

895 1375 1169 1444 mutare,
1202 1367 1361 1432 dum
1391 1371 1617 1431 tamen
1647 1367 1912 1432 illorum
1944 1386 2222 1450 quorum
2251 1366 2610 1452 requiritur
2639 1363 2994 1430 auctoritas

896 1468 1345 1544 intervenerit,
1378 1474 1447 1534 et
1492 1489 1880 1547 consensus3
1923 1468 2142 1552 sitque
2172 1467 2487 1553 praefatus
2532 1466 2582 1532 J
2579 1466 2868 1531 ohannes
2911 1465 2996 1528 de

898 1569 1372 1655 Bridelington’
1436 1590 1555 1654 per
1620 1567 1954 1654 religiosos
2017 1569 2210 1646 viros,
2253 1569 2556 1654 ,priorem
2603 1573 2672 1634 et
2715 1587 2995 1638 conven-

898 1679 1046 1737 tum
1091 1672 1173 1736 de
1218 1668 1745 1748 Hextildesham,
1776 1689 1966 1736 veros
1998 1669 2292 1756 ejusdem
2339 1669 2624 1736 ecclesiae
2665 1674 2994 1754 ‘patronos

899 1774 1076 1840 dicto
1121 1773 1387 1838 domino
1431 1777 1655 1836 nostro
1701 1770 2134 1836 Dunehnensi
2186 1772 2272 1836 ad
2317 1771 2592 1837 eandem
2645 1769 2994 1843 ecclesiam,

900 1897 987 1939 ex
1045 1895 1242 1952 causa
1306 1872 1704 1958 hujusmodi,
1769 1877 2248 1958 praesentatus:
2318 1893 2438 1936 nos
2524 1869 2997 1958 permutationi

897 1976 1247 2060 praedictae,
1294 1974 1439 2038 vice
1484 1978 1553 2038 et
1597 1973 1992 2039 auctoritate
2037 1973 2200 2039 dicti
2245 1974 2469 2059 patriS,
2515 1972 2705 2038 nobis
2750 1973 2823 2036 in
2873 1971 2998 2036 hac

899 2083 1087 2162 parte
1132 2067 1505 2162 specialiter
1549 2075 1928 2153 commissis,
1975 2080 2302 2170 quatenus
2346 2076 2435 2140 ad
2478 2074 2698 2161 ipsum
2741 2077 2997 2159 patrem

900 2178 1163 2254 attinet,
1240 2177 1740 2275 consentientes,
1835 2177 1922 2242 ad
1997 2177 2417 2254 audiendum,
2467 2175 2995 2250 examinandum,
3119 2245 3126 2250 ,

901 2278 1390 2346 discutiendum
1414 2283 1483 2342 et
1504 2277 2018 2365 approbandum,
2044 2298 2270 2344 causas
2300 2277 2804 2364 permutationis
2828 2275 2996 2361 eju's-

765 2411 775 2421 ¹
902 2385 1068 2461 dem,
1099 2387 1301 2469 prout
1345 2381 1429 2446 de
1465 2381 1617 2467 jure
1646 2381 1851 2446 fuerit
1879 2381 2196 2460 facienda,
2229 2383 2354 2466 [et]
2385 2387 2648 2467 recepta
2691 2380 2998 2466 primitus

898 2485 1341 2571 resignatione
1404 2483 1705 2570 praedicti
1752 2483 2070 2548 Willelmi
2140 2484 2221 2548 de
2290 2481 2560 2548 Melton'
2606 2483 2688 2547 de
2733 2481 3000 2550 ecclesia

899 2589 983 2652 de
1026 2584 1382 2662 Aldeston’,
1430 2585 1573 2649 vice
1618 2589 1858 2663 nostra,
1905 2585 2296 2670 praedictum
2347 2583 2396 2648 J
2397 2583 2738 2661 ohannem,
2799 2583 3002 2669 juxta

900 2686 1398 2773 inquisitionem
1460 2706 1577 2770 per
1622 2684 1966 2751 officialem
2030 2685 2282 2750 domini
2341 2685 2782 2774 archidiaconi
2829 2684 2999 2749 Nor·
3117 2719 3131 2729 x

900 2789 1255 2854 thumbriae
1285 2787 1359 2850 in
1387 2786 1513 2852 hac
1556 2792 1746 2870 parte
1790 2785 2050 2865 factam,
2103 2787 2330 2871 (quam
2375 2787 2582 2863 vobis,
2629 2787 2755 2851 sub
2783 2785 2998 2872 sigillo

900 2888 1097 2956 officii
1140 2887 1369 2963 nostri,
1416 2887 1978 2972 transmittimus,)
2027 2879 2538 2964 admittendum,
2586 2893 2657 2952 et
2681 2893 2998 2956 rectorem

902 2991 977 3056 in
1022 3011 1101 3056 ea
1144 2989 1645 3066 instituendum,
1693 2989 1855 3054 dum
1899 2995 2126 3056 tamen
2171 2989 2558 3056 canonicum
2617 3010 2754 3055 non
2797 2989 2999 3055 obsis-

904 3098 1049 3170 tat3
1106 3111 1364 3156 necnon
1408 3090 1633 3155 omnia
1674 3089 1810 3155 alia
1853 3096 1923 3154 et
1966 3091 2229 3178 sing-ula
2270 3090 2644 3157 faciendum
2689 3096 2760 3156 et
2804 3112 3000 3176 expe—

902 3194 1237 3270 diendum,
1284 3195 1435 3275 ‘quae
1480 3192 1553 3256 in
1596 3191 1721 3258 hac
1765 3198 1952 3278 parte
2012 3193 2377 3259 necessaria
2417 3193 2683 3270 fuerint,
2732 3193 2842 3258 vel
2885 3215 3000 3280 op·

902 3301 1205 3382 portuna,
1252 3293 1531 3359 etiamsix
1558 3294 1947 3360 mandatum
1993 3294 2268 3380 exigant
2309 3294 2627 3380 speciale3
2689 3294 3002 3361 canonica

901 3397 1278 3463 obedientia
1320 3395 1529 3483 ipsius
1573 3394 1620 3459 J
1621 3394 1915 3472 ohannis,
1949 3401 2018 3460 et
2059 3396 2442 3461 inductione
2485 3396 2560 3460 in
2603 3395 2999 3482 corporalem

900 3499 1369 3585 possessionem
1413 3495 1621 3581 ipsius
1666 3497 1952 3563 ecclesiae
1984 3496 2066 3562 de
2111 3487 2466 3574 Aldeston',
2497 3496 2676 3562 dicto
2735 3497 3001 3563 domino

860 3650 869 3662 ,
902 3605 1127 3666 nostro
1173 3599 1542 3684 specialiter
1585 3599 1951 3676 reservatiS,
1999 3599 2203 3676 vobis
2250 3619 2330 3666 ac
2372 3603 2666 3662 vestrum
2711 3599 2998 3675 cuilibet,

905 3700 1381 3766 committimus
1428 3699 1606 3764 vices
1650 3704 1925 3766 nostras.
2019 3699 2110 3764 Et
2139 3699 2304 3784 quid
2345 3699 2597 3766 factum
2639 3699 2840 3765 fuerit
2882 3719 3002 3786 per

904 3820 1361 3884 quemcunque
1406 3804 1704 3864 vestrum
1748 3801 1824 3864 in
1867 3801 2236 3886 praemissis,
2266 3821 2388 3866 nos
2433 3806 2618 3868 curet
2646 3800 3000 3868 certificare

904 3901 1018 3964 ille
1087 3901 1203 3985 qui
1267 3899 1519 3966 dictum
1582 3901 1924 3986 negotium
1992 3901 2374 3987 expedierit,
2420 3923 2539 3988 per
2581 3924 2733 3968 suas
2779 3903 3004 3970 literas

804 4013 809 4016 '
904 4005 1207 4088 patentes
1252 4006 1323 4066 et
1366 3999 1633 4078 clausas,
1680 4001 1932 4079 harum,
1981 4007 2050 4067 et
2111 4005 2458 4089 processus
2509 4005 2584 4068 in
2648 4004 2774 4071 hac
2815 4011 3004 4091 parte

905 4102 1137 4180 habiti,
1184 4102 1415 4170 seriem
1461 4103 1887 4169 continentes.
1979 4102 2237 4194 Datum·
2275 4103 2590 4170 Dunelmi
2636 4111 2756 4172 etc.

900 4311 1239 4364 Ptaesentatio
1282 4311 1371 4360 ‹10-
1526 4297 1912 4368 Reverendo
1957 4302 2031 4368 in
2077 4301 2342 4369 Christo
2386 4303 2562 4391 patri
2607 4308 2676 4369 et
2721 4304 3000 4383 domim,

904 4377 1372 4496 ffiffissig‘gffgg
1439 4403 1705 4469 domino
1737 4403 2034 4482 sicardo,
2066 4403 2194 4470 Dei
2217 4406 2449 4491 gratia,
2481 4405 2783 4493 episoopo
2812 4405 3001 4472 Dm.-

902 4509 1188 4576 Dytinsule·
1438 4505 1729 4582 elmensi,
1784 4505 1894 4571 vel
1971 4505 2114 4591 ejus
2157 4507 2232 4572 in
2299 4507 2508 4593 ipsius
2555 4507 2858 4574 absentia
2900 4509 3001 4572 vi-

904 4610 1078 4678 cario
1122 4607 1427 4696 generali,
1472 4628 1610 4672 seu·
1630 4606 1851 4673 locum
1895 4605 2168 4685 tenenti,
2199 4607 2305 4672 sui
2350 4608 2574 4675 devoti
2604 4614 2674 4674 et
2701 4607 3002 4688 humiles,

911 4711 1299 4788 Willelmus,
1344 4708 1525 4798 prior
1568 4707 1854 4778 ecclesiae
1897 4707 2377 4788 Dunelmensis,
2425 4713 2494 4775 et
2538 4709 2834 4797 ejusdem
2875 4710 3006 4778 loci
