3592 5817
1423 913 1791 964 APPENDIX.
2417 987 2432 1002 .
2539 902 2661 962 581

646 1099 749 1176 Et,
798 1105 877 1164 ut
918 1099 1171 1166 fraudis
1216 1101 1494 1166 materia
1538 1100 1846 1178 evitetur,
1893 1101 2071 1185 quod
2099 1101 2324 1165 nullus
2370 1100 2662 1167 officialis

558 1199 631 1262 in
704 1201 886 1266 curia
952 1201 1555 1268 archidiaconorum
1619 1207 1991 1267 nostrorum
2064 1200 2530 1267 Dunelmensis
2597 1207 2667 1266 et

560 1300 1073 1380 Northumbriae,
1120 1304 1193 1367 in
1238 1303 1419 1369 curia
1461 1308 1688 1369 nostra
1746 1303 2174 1368 Dunelmensi
2221 1302 2505 1368 officium
2549 1302 2666 1367 ha-

558 1403 727 1481 beat,
788 1426 910 1471 nec
968 1428 1003 1469 e
1065 1411 1327 1484 contra3
1395 1405 1571 1490 quod
1593 1403 1618 1442 ¹
1680 1411 1906 1470 tamen
1972 1405 2111 1490 [ad]
2180 1405 2532 1470 advocatos
2599 1407 2668 1468 et

558 1499 1021 1589 procuratores
1066 1529 1320 1572 necnon
1365 1507 1859 1584 examinatores
1903 1506 2127 1571 referri
2171 1506 2478 1570 nolumus
2508 1525 2666 1589 quo-

560 1607 871 1673 vismodo.

647 1707 891 1772 Nullus
954 1709 1223 1794 insuper
1281 1715 1663 1794 procurator
1728 1709 1816 1774 ad
1885 1730 2092 1772 unum
2161 1707 2335 1772 diem
2397 1729 2439 1772 a
2506 1729 2665 1792 quo-

560 1827 757 1893 quam
801 1811 1187 1875 mandatum
1234 1811 1512 1897 accipiat
1556 1810 1964 1896 procurandi,
1998 1809 2111 1873 sed
2155 1809 2264 1910 ειᾴι
2285 1809 2520 1894 plures,
2557 1809 2666 1874 vel

558 1911 758 1975 etiam
804 1913 890 1976 ad
920 1919 1131 1977 totam
1176 1933 1437 1978 causam
1464 1937 1481 1992 ;
1525 1917 1593 1977 et
1622 1918 1799 1988 tunc,
1848 1934 1889 1976 a
1932 1917 2222 1997 tempore
2269 1932 2400 1995 quo
2430 1910 2667 1996 incipit

554 2035 914 2099 procurare,
962 2015 1047 2079 ad
1101 2014 1583 2100 procurandum
1643 2014 1715 2077 in
1762 2035 1971 2089 causa,
2005 2013 2363 2077 secundum
2409 2013 2550 2076 vim
2595 2018 2664 2078 et

556 2112 830 2179 formam
877 2115 978 2178 sui
1044 2115 1489 2201 procuratorii,
1535 2136 1669 2179 non
1730 2114 2033 2179 obstante
2087 2113 2261 2197 quod
2323 2135 2515 2177 suum
2565 2135 2664 2179 sa-

556 2213 793 2280 larium
838 2217 964 2281 sibi
1010 2216 1299 2282 solutum
1344 2238 1479 2280 non
1524 2215 1742 2293 fuerit,
1786 2236 1905 2301 per
1965 2215 2423 2301 praesidentem
2472 2214 2665 2281 dictae

558 2317 756 2382 curiae
803 2318 1245 2403 compellatur.

648 2418 835 2494 Item,
886 2420 1253 2496 statuimuS,
1303 2420 1477 2503 quod
1529 2440 1651 2484 nec
1693 2419 2012 2495 advocati,
2059 2440 2179 2483 nec
2222 2423 2668 2503 procuratores

559 2518 752 2584 dictae
799 2519 995 2585 curiae
1039 2526 1298 2596 nostrae,
1332 2520 1403 2583 in
1448 2519 1815 2584 redditione
1861 2524 2329 2604 computorum,
2376 2518 2486 2582 vel
2531 2540 2666 2584 cor-

558 2619 955 2685 rectionibus
1004 2641 1386 2686 excessuum
1440 2621 1853 2685 subditorum
1899 2624 2287 2696 nostrorum,
2341 2640 2458 2684 seu
2517 2620 2666 2685 aliis

558 2721 851 2786 articulis
895 2722 1003 2785 vel
1059 2723 1340 2807 negotiis
1403 2727 1700 2786 nostrum
1761 2743 2014 2786 merum
2075 2720 2357 2786 officium
2412 2721 2666 2786 contin-

554 2823 881 2908 gentibus,
949 2824 1285 2909 postulent
1352 2824 1460 2888 vel
1522 2829 1886 2909 procurent,
1955 2828 2075 2888 aut
2141 2822 2506 2887 tumultum
2558 2823 2668 2888 vel

556 2924 1101 3009 impedimentum
1146 2924 1413 3008 aliquod
1458 2924 1705 2990 faciant
1766 2925 1871 2988 vel
1917 2930 2270 3010 apponant,
2318 2925 2667 3009 quominus

555 3025 842 3090 ministri
872 3027 1081 3092 nostri
1128 3026 1478 3111 praemissa,
1512 3047 1662 3091 cum
1708 3026 2120 3103 occurrerint,
2152 3026 2354 3090 libere
2399 3027 2668 3092 valeant

557 3128 903 3213 expedire3
970 3127 1147 3212 quod
1210 3128 1265 3191 si
1334 3149 1517 3193 secus
1584 3127 1873 3204 fecerint,
1938 3148 1979 3191 a
2041 3127 2176 3191 suis
2243 3126 2470 3193 officiis
2533 3128 2671 3193 sint

555 3229 868 3313 suspensi,
901 3229 1105 3293 donec
1142 3234 1447 3306 nostram,
1481 3227 1588 3293 vel
1635 3249 2072 3294 successorum
2103 3233 2490 3306 nostrorum,
2523 3251 2671 3314 gra-

556 3329 721 3394 tiam
766 3330 1127 3394 meruerint
1172 3329 1480 3394 obtinere.

647 3429 722 3495 Si
766 3431 914 3515 quis
957 3431 1315 3495 advocatus
1376 3430 1485 3494 vel
1529 3436 1924 3515 procurator,
1988 3435 2215 3496 contra
2257 3429 2670 3515 jurisdictio-

556 3551 708 3595 nem
749 3530 1033 3597 ecclesiae
1076 3535 1317 3597 nostrae
1361 3530 1836 3608 Dunelmensis,
1871 3531 2036 3596 clam
2068 3530 2176 3595 vel
2221 3531 2454 3617 palam,
2489 3531 2670 3616 quic-

556 3655 753 3719 quam
800 3633 871 3697 in
902 3654 1021 3697 suo
1066 3631 1274 3698 officio
1320 3637 1677 3698 attentasse
1709 3631 2212 3718 comprehensus
2255 3631 2472 3710 fuerit,
2505 3654 2661 3697 con-

555 3737 771 3802 victus
833 3736 972 3821 [de]
1019 3757 1110 3812 e0,
1157 3757 1199 3800 a
1257 3734 1718 3821 postulationis
1782 3740 1851 3801 et
1908 3735 2384 3820 procurationis
2430 3733 2656 3812 offici0,

555 3859 703 3902 cum
748 3842 909 3903 nota
974 3835 1279 3914 infamiae,
1326 3857 1444 3920 per
1504 3841 1715 3900 totam
1776 3841 2070 3902 nostram
2117 3836 2448 3902 dioecesim
2509 3859 2656 3923 per-

553 3943 753 4022 petuo
800 3939 887 4002 sit
931 3959 1296 4022 suspensus».

1438 4210 1455 4242 ¹
1492 4209 1629 4273 quid,
1650 4210 1766 4262 MS.
