3592 5817
617 1090 730 1135 AJ).
747 1093 865 1136 134⁰.

920 882 1051 945 340
1284 896 1679 945 REGISTRUM
1724 894 2128 945 PAMTINUM
2174 894 2660 945 DUNELMENsn

921 1067 1053 1131 illis
1096 1072 1390 1133 recenter
1443 1068 1669 1151 ejecit3
1715 1073 1783 1131 et-
1843 1068 2014 1153 petit
2066 1067 2395 1153 judicium
2439 1069 2496 1132 si
2542 1068 2625 1133 de
2689 1066 2814 1132 tali
2876 1086 3024 1152 pos-

922 1170 1203 1235 sessione
1248 1171 1518 1234 assisam
1562 1170 1717 1234 inde
1763 1191 1992 1235 versus
2038 1191 2188 1233 eum
2252 1169 2492 1235 habere
2537 1168 2821 1233 deberet}
2913 1168 3024 1231 Ad

922 1271 1097 1355 quod
1130 1272 1352 1336 eadem
1384 1271 1429 1335 J
1430 1269 1706 1347 ohanna,
1753 1272 1827 1335 in
1873 1270 2100 1335 eadem
2144 1270 2328 1336 curia
2369 1276 2613 1347 nostra,
2645 1270 3022 1355 replicando

919 1372 1111 1449 dixit,
1144 1373 1319 1457 quod
1350 1372 1493 1457 ipsa
1524 1377 1624 1437 est
1667 1371 1984 1458 legitima,
2017 1378 2086 1437 et
2130 1393 2266 1437 non
2311 1372 2637 1437 bastarda.
2731 1372 2822 1435 Et
2865 1372 3019 1455 quia

917 1472 1297 1556 hujusmodi
1356 1494 1568 1538 causae
1628 1472 1916 1558 cognitio
1961 1473 2048 1537 ad
2115 1472 2328 1539 forum
2393 1478 2648 1559 spectat
2693 1472 3021 1539 ecclesias-

919 1574 1141 1651 ticum,
1196 1574 1383 1638 vobis
1435 1574 1840 1651 mandamus,
1908 1574 2099 1659 quod,
2153 1576 2526 1640 convocatis
2567 1596 2782 1640 eoram
2834 1573 3024 1638 vobis

919 1675 992 1739 in
1036 1674 1161 1740 hac
1219 1680 1405 1760 parte
1452 1674 1900 1752 convocandis
1947 1697 2143 1760 super
2171 1677 2296 1741 hoc
2338 1678 2434 1740 rei
2478 1677 2828 1741 veritatem
2873 1675 3020 1739 dili-

918 1783 1151 1862 genter
1200 1775 1589 1861 inquiratis3
1652 1781 1721 1840 et
1787 1776 1962 1862 quod
2027 1778 2181 1841 inde
2244 1777 2674 1863 inquisieritis
2727 1782 3026 1843 constare

922 1877 1178 1943 flaciatis
1224 1878 1515 1963 praefatis
1560 1878 1940 1963 justiciariis
1999 1878 2278 1956 nostris„
2311 1901 2428 1964 per
2485 1879 2709 1943 literas
2767 1882 3022 1943 vestras

922 1983 1238 2063 patentes,
1272 1984 1339 2044 et
1382 1979 1681 2043 habeatis
1734 1980 1829 2044 ibi
1873 1979 1996 2045 hoc
2041 1980 2252 2045 breve.
2345 1980 2555 2057 Teste,
2589 1980 2666 2045 R.
2697 1981 2777 2045 de
2821 1979 3020 2043 Alde-

812 2140 827 2149 ,
921 2079 1209 2165 bourgh',
1254 2080 1434 2165 apud
1478 2079 1751 2145 Novum
1796 2080 2104 2145 Castrum
2173 2103 2368 2167 super
2411 2081 2686 2167 Tynam,
2733 2080 2888 2145 xvi·
2915 2080 3024 2145 die

589 2286 803 2381 {find-ing,
819 2298 879 2331 on

587 2348 757 2389 lnqmm
784 2350 861 2383 ion

586 2388 857 2481 gffigm

490 2555 497 2561 Ι
586 2486 790 2533 bastard.

924 2179 1341 2267 Septembris
1388 2198 1563 2247 anno
1605 2184 1791 2268 regni
1837 2185 2045 2253 nostri
2089 2184 2487 2250 duodecimo
2621 2257 2634 2273 α

1014 2283 1104 2347 Et
1147 2284 1318 2367 quia,
1363 2282 1540 2349 facta
1606 2304 1802 2369 super
1865 2285 2200 2351 bastardia
2259 2292 2328 2350 et
2371 2284 2844 2371 illegitimitate
2903 2306 3022 2350 na-

920 2382 1157 2449 talium
1222 2385 1415 2450 dictae
1477 2385 1522 2449 J
1524 2384 1804 2450 ohannae
1873 2386 2179 2472 diligenti
2251 2387 2581 2472 indagine,
2647 2386 3058 2471 vocatisque-

920 2487 994 2551 in
1036 2486 1161 2551 hac
1204 2492 1391 2571 parte
1436 2486 1763 2564 vocandis
1814 2491 1882 2551 et
1925 2487 2102 2571 juris
2147 2488 2376 2553 ordine
2438 2489 2510 2553 in
2556 2489 2861 2552 omnibus
2905 2490 3022 2553 ob-

922 2591 1196 2664 servam,
1260 2587 1552 2673 legitime
1598 2594 2003 2673 compertum
2067 2594 2168 2653 est
2239 2589 2586 2674 praefatam
2646 2590 2691 2653 J
2692 2590 3021 2655 channam

921 2689 1121 2753 fuisse
1185 2694 1254 2751 et
1298 2710 1435 2753 esse
1498 2688 1914 2773 illegitimam
1967 2678 2036 2753 et
2081 2690 2476 2768 bastardam,
2525 2713 2659 2769 noa,
2705 2693 3018 2770 volentes,

922 2794 1021 2852 ut·
1062 2794 1378 2865 tenemur,
1420 2790 1644 2875 'regiis
1712 2790 2160 2876 obtemperare
2221 2793 2567 2870 mandatis,
2637 2793 3019 2879 praedictam

923 2887 970 2952 J
969 2888 1297 2953 channam
1346 2888 1545 2953 fuisse
1592 2896 1659 2954 et
1720 2913 1858 2955 esse
1925 2892 2340 2978 illegitimam
2371 2899 2440 2959 et
2507 2894 2884 2960 bastardum
2931 2896 3018 2960 ad

921 2995 1211 3055 vestram
1277 2991 1588 3057 notitiam
1651 2992 2036 3059 deducimus
2103 3018 2221 3080 per
2296 3002 2668 3081 praesentes.
2805 2996 3018 3062 Breve

921 3092 1123 3157 etiam
1183 3092 1437 3177 regium
1501 3093 1691 3157 nobis
1758 3116 1955 3180 super
2017 3096 2368 3182 praemissis
2431 3098 2768 3176 directum,
2829 3099 3019 3163 vobis

922 3194 1450 3271 transmittimus,
1504 3196 1939 3279 praesentibus
2002 3198 2446 3264 interclusum.
2541 3199 2626 3263 In
2691 3200 2878 3283 cujus
2921 3200 3016 3264 rei
3123 3266 3132 3280 ,

854 3298 857 3303 ’
919 3295 1387 3372 testimonium,
1442 3294 1562 3361 has
1626 3296 1850 3361 literas
1901 3303 2159 3363 nostras
2221 3299 2473 3365 clausas
2535 3301 2678 3365 fieri
2723 3302 3014 3380 fecimus

584 3936 733 3983 Grant
748 3938 795 3982 of

582 3989 679 4032 free
696 4000 874 4033 warren

582 4038 634 4081 in
652 4038 885 4133 SkiBrgirng-

582 4142 750 4190 meten,
764 4140 859 4184 and

584 4188 790 4234 nux-the-

582 4240 751 4333 ἷξοπὶι·
767 4252 829 4285 on

918 3398 1043 3462 sub
1088 3397 1303 3482 sigillo
1370 3403 1595 3463 nostro
1658 3398 2000 3483 pendente.
2064 3401 2316 3467 Datum
2377 3403 2450 3467 in
2517 3410 2727 3470 castro
2793 3412 3016 3469 nostro

917 3499 1251 3576 Dunolmi,
1330 3499 1612 3565 secundo
1672 3500 1779 3565 die
1824 3500 2130 3588 Augusti,
2209 3526 2382 3569 anno
2449 3506 2722 3571 Domini
2807 3506 3016 3571 mille-

918 3600 1082 3665 simo
1174 3615 1379 3667 cccm0.
1458 3602 1969 3688 quadragesimo,
2047 3611 2117 3669 et
2189 3608 2692 3673 consecrationis
2775 3614 3016 3673 nostrae

917 3701 1209 3785 septimo.
1590 3728 1595 3733 ·

920 3937 1077 3989 cm,
1098 3935 1269 3988 „bem
1294 3952 1573 3989 „mem
1728 3898 2076 3965 universis
2107 3900 2356 3967 Christi
2402 3902 2708 3969 fidelibus
2739 3904 2824 3969 ad
2855 3884 3016 3990 q'uos

920 4020 1161 4123 ἓῗξοεεεα
1206 4003 1484 4121 ΨῌΙθέωο,
1508 4007 1569 4081 qe
1600 4090 1608 4097 ·
1638 4006 1993 4086 praesentes
2054 4003 2264 4068 literae
2310 4005 2745 4088 pervenerint,
2793 4006 3017 4071 Ricar-

919 4078 1565 4188 eisliefflffuxisminogizii:
1630 4106 1772 4181 dua,
1819 4104 1946 4169 Dei
1990 4105 2220 4190 gratia,
2265 4105 2732 4171 Dunolmensis
2777 4108 3018 4193 episco-

919 4205 1164 4296 vyngtpn'
1224 4210 1275 4253 et
1331 4202 1554 4253 Hurtho-
1620 4228 1759 4294 pus,
1793 4206 2071 4271 salutem
2103 4207 2174 4269 in
2205 4205 2490 4271 Domino
2537 4209 3018 4294 sempiternam,

917 4270 1079 4321 worth
1101 4306 1114 4320 ’
1622 4307 1862 4376 Sciatis
1924 4330 2043 4372 nos
2089 4308 2489 4384 concessisse,
2537 4313 2607 4373 et
2667 4308 2792 4375 hae
2851 4332 3021 4395 prae-

917 4416 1089 4481 senti
1134 4419 1314 4481 carta
1357 4420 1582 4480 nostra
1626 4412 2053 4486 confirmasse,
2102 4408 2338 4474 dilecto
2382 4410 2572 4474 nobis
2617 4410 2690 4474 in
2737 4410 3022 4488 Christo,

917 4516 1249 4582 Willelmo
1310 4510 1872 4601 Skirvyngham',²
1917 4511 2094 4597 quod
2151 4512 2291 4596 ipse
2336 4516 2406 4576 et
2447 4511 2739 4577 haeredes
2783 4514 2886 4576 sui
2946 4514 3024 4577 in

920 4657 959 4664 .-

1538 4734 1551 4767 ¹
1597 4734 1930 4797 Skirvynqton
1953 4732 2006 4782 in
2028 4733 2116 4783 the
2137 4730 2353 4797 margin.
