3592 5817
617 1083 729 1130 AJ).
745 1087 861 1130 1389.

573 1801 762 1844 Annwer
786 1803 838 1843 of

571 1853 654 1894 the
665 1853 819 1902 jurors
830 1853 881 1896 to

573 1902 655 1944 the
675 1903 772 1944 first

571 1952 797 2005 question.
835 1968 842 1978 ·

556 4649 825 4694 Additional

555 4701 849 4794 iissdffiffksb'

555 4811 616 4844 on
633 4799 714 4844 the
728 4800 850 4854 jury.

917 875 1046 940 266
1275 889 1672 939 Rsffls‘rnum
1717 887 2122 938 rim-rmum
2169 889 2657 938 Dunsmnuss.

1003 1073 1342 1140 Secundus
1387 1074 1703 1140 articulus
1749 1079 1851 1140 est
1894 1073 2063 1138 talis.
2168 1071 2243 1136 Si
2274 1071 2606 1136 audierint
2635 1070 2717 1135 de
2750 1071 3013 1137 vicariis

912 1176 1078 1241 inibi
1123 1183 1279 1242 ante
1339 1199 1564 1242 eorum
1610 1182 1911 1262 tempora
1954 1175 2329 1252 institutis3
2372 1174 2825 1260 respondeant,
2872 1174 2927 1237 si
2971 1195 3013 1238 a

915 1272 1278 1343 senioribus
1309 1279 1462 1356 suiS,
1528 1285 1596 1343 et
1647 1276 2177 1364 progenitoribus
2242 1275 2589 1352 audierint,
2660 1275 2836 1359 quod
2879 1273 3009 1338 vir-

912 1384 1059 1444 tute
1105 1378 1306 1444 solius
1351 1379 1716 1445 collationis
1763 1379 2211 1464 episcoporum
2256 1377 2549 1444 instituti
2596 1375 2859 1453 fuerint,
2904 1376 3011 1440 vel

911 1481 996 1544 ad
1058 1481 1630 1565 praesentationem
1694 1480 2159 1566 praedictorum
2226 1480 2693 1564 magistrorum
2754 1485 2823 1543 et
2880 1478 3007 1544 fra-

911 1589 1090 1647 trum
1135 1583 1478 1670 hospitalis
1525 1585 1606 1648 de
1639 1581 2045 1661 Shirburne3
2090 1588 2158 1648 et
2202 1583 2257 1646 si
2303 1582 2390 1646 ad
2434 1582 3007 1668 praesentationem

911 1687 1278 1764 eorundem,
1328 1688 1648 1772 quomodo
1693 1687 1819 1752 hoc
1862 1687 2095 1751 sciunt.

1001 1789 1130 1869 Qui
1177 1790 1423 1866 dicunt,
1457 1791 1528 1854 in
1557 1789 1809 1853 virtute
1847 1788 2211 1872 juramenti
2242 1787 2787 1872 praefati‚—quod
2818 1787 3007 1872 quin-

909 1911 1036 1974 que
1059 1891 1336 1956 vicarios
1369 1891 1612 1954 ibidem
1657 1890 2007 1970 viderunt3
2060 1911 2338 1974 quorum
2370 1890 2620 1975 primus
2650 1889 3009 1954 vocabatur

913 2000 944 2024 “
964 1992 1280 2076 Magister
1325 1991 1652 2056 Henricus
1697 1991 1778 2056 de
1825 1991 2151 2067 Burton’,”
2198 1991 2330 2075 qui,
2376 1997 2669 2076 tempore
2731 1991 3001 2054 Roberti

905 2093 989 2156 de
1035 2091 1315 2170 Sffichill,
1347 2092 1664 2170 monachi,
1711 2092 1998 2177 episcopi
2044 2091 2523 2168 Dunelmensis,
2555 2098 2697 2156 erat
2726 2093 3006 2158 vicarius

907 2193 1171 2270 ibidem,
1219 2193 1334 2258 sed
1380 2215 1496 2280 per
1541 2190 1736 2278 quem
1783 2193 2149 2269 institutus,
2197 2193 2520 2278 ignorant.
2613 2193 2771 2257 Post
2821 2195 3007 2279 cujus

907 2303 1201 2374 mortem,
1250 2297 1558 2363 successit
1625 2298 1685 2360 ei
1751 2297 2025 2382 quidam
2070 2296 2374 2360 dominus
2420 2295 2601 2362 Elias
2669 2295 2751 2360 de
2822 2297 3007 2382 Lang

909 2399 1215 2486 Neuton',
1263 2406 1331 2466 et
1376 2401 1437 2491 ei
1483 2400 1791 2465 successit
1836 2399 2140 2464 dominus
2187 2397 2469 2462 Thomas
2545 2399 2627 2464 de
2694 2397 3001 2476 London',

905 2507 976 2566 et
1053 2502 1208 2568 huic
1283 2502 1550 2586 quidam
1615 2501 1919 2566 dominus
1989 2500 2369 2578 NicholauS‚
2437 2504 2507 2565 et
2572 2499 2671 2564 illi
2737 2501 3003 2585 quidam

907 2603 1208 2668 dominus
1256 2603 1537 2668 Thomas
1565 2603 1999 2681 ‘Cantuariae3
2064 2603 2177 2688 qui
2241 2623 2465 2666 omnes
2524 2603 2885 2668 successive
2938 2607 3005 2668 et

905 2706 1234 2790 gradatim
1281 2705 1593 2769 vicariam
1640 2705 1923 2770 ecclesiae
1986 2703 2067 2768 de
2115 2703 2429 2780 Kellawe,
2511 2725 2595 2767 ex
2660 2703 3003 2768 collatione

907 2805 1157 2869 domini
1180 2805 1478 2881 Antonii,
1510 2809 1670 2876 tunc
1715 2804 2179 2870 Dunelmensis
2224 2805 2527 2889 episcopi,
2558 2805 3001 2870 obtinuerunt.

907 2907 1200 2987 Quorum
1247 2907 1639 2972 vicariorum
1674 2909 1835 2972 'tres
1868 2908 2091 2992 primo
2136 2907 2509 2971 nominatos
2576 2907 2888 2972 viderunt
2931 2909 3002 2972 in

904 3014 1050 3098 ipsa
1095 3013 1348 3079 vicaria
1392 3013 1738 3099 degentes;
1785 3019 2094 3098 quartum
2162 3033 2296 3077 non
2340 3013 2674 3091 viderunt,
2730 3015 2887 3099 quia
2928 3014 2999 3078 in

901 3115 1199 3202 partibus
1250 3115 1418 3181 obiit
1471 3116 1942 3192 transmarinis,
1984 3116 2056 3180 in
2100 3116 2411 3202 obsequio
2471 3115 2678 3202 ipsius
2752 3117 2997 3182 domini

904 3217 1028 3293 sui,
1076 3217 1238 3282 dicti
1284 3216 1580 3282 Antonii.

988 3319 1241 3384 Dicunt
1286 3320 1503 3396 etiam,
1538 3319 1712 3404 quod
1761 3323 1990 3404 postea
2033 3319 2350 3384 viderunt
2378 3320 2719 3385 dominum
2751 3321 2798 3386 J
2798 3321 2995 3388 ohan-

897 3443 1050 3486 nem
1097 3422 1295 3507 Gray,
1344 3421 1459 3507 qui
1503 3443 1716 3506 nuper
1750 3421 2040 3498 decessit,
2073 3422 2181 3486 cui
2211 3421 2389 3488 dicta
2432 3423 2680 3488 vicaria
2722 3446 2840 3510 per
2870 3425 2994 3488 Lu-

899 3524 1240 3601 dowicum‚
1288 3545 1500 3608 nuper
1544 3522 2056 3587 Dunelmensem
2102 3523 2494 3609 episcopum,
2528 3525 2993 3602 conferebatur,

899 3626 1038 3688 sine
1069 3624 1541 3708 impedimento
1587 3625 2032 3709 cujuscunque
2076 3624 2505 3706 reclamantis.
2576 3625 2804 3691 Plures
2834 3649 2993 3712 prae-

899 3727 1261 3791 decessores
1293 3726 1486 3790 istius
1515 3725 1745 3790 vicarii
1794 3727 1911 3811 qui
1956 3748 2134 3792 nunc
2178 3732 2292 3803 est,
2340 3748 2475 3793 non
2504 3729 2834 3808 viderunt,
2878 3751 2994 3794 nec

896 3829 1251 3893 audierunt
1282 3827 1362 3892 de
1407 3832 1700 3913 tempore
1744 3829 2158 3914 praecedenti,
2192 3830 2366 3914 quod
2412 3837 2583 3895 esset
2626 3830 2803 3896 facta
2846 3854 2990 3897 con-

897 3930 1217 3995 troversia
1261 3951 1379 4016 per
1409 3929 1555 3994 illos
1587 3929 1668 3994 de
1701 3929 2067 3996 Shirburne
2093 3956 2109 4010 ;
2140 3932 2302 4016 quin
2332 3954 2587 4019 semper
2617 3934 2991 3999 collationes

899 4033 1349 4119 episcoporum
1395 4031 1775 4097 habuerunt
1819 4032 2051 4110 locum,
2100 4039 2169 4098 et
2210 4033 2378 4099 tales
2422 4036 2705 4101 assecuti
2751 4036 2990 4103 dictam

895 4135 1210 4202 vicariam
1257 4156 1400 4200 eam
1452 4135 1719 4220 pacifice
1765 4141 2126 4201 tenuerunt
2168 4137 2575 4222 temporibus
2636 4137 2790 4216 suist,
2851 4139 2989 4203 sine

893 4238 1246 4326 cujuslibet
1291 4237 1820 4303 contradictione.
1916 4237 2005 4302 Et
2048 4238 2279 4303 vicarii
2324 4239 2623 4325 superius
2667 4239 2989 4305 nominati

895 4340 1054 4405 totis
1085 4339 1492 4424 temporibus
1522 4339 1982 4425 suprascriptis
2028 4340 2101 4403 in
2144 4340 2453 4425 parochia
2482 4342 2564 4405 de
2596 4340 2891 4406 Kellawe
2924 4348 2991 4407 et

893 4440 1050 4506 locis
1097 4441 1578 4506 circumvicinis
1622 4441 1909 4526 promoti
1954 4441 2245 4528 ipsorum
2292 4443 2740 4528 episcoporum
2804 4443 2987 4507 Dun-

895 4543 1284 4606 elmensium
1328 4543 1826 4627 reputabantur,
1876 4548 1945 4607 et
1987 4543 2249 4628 publice
2293 4544 2725 4609 habebantur.

985 4643 1222 4710 Clerici
1266 4649 1490 4708 tamen
1543 4665 1742 4730 supra
1807 4645 2131 4710 nominati
2180 4645 2410 4711 dicunt
2435 4637 2633 4730 'quod
2680 4645 2992 4710 viderunt

893 4765 1094 4810 unam
1164 4744 1441 4821 literam,
1490 4746 1774 4831 quodam
1821 4745 2038 4831 sigillo
2084 4747 2177 4811 eis
2230 4747 2455 4832 ignoto
2487 4746 2785 4814 totaliter
2830 4769 2981 4813 con-
