3592 5817
1185 480 1582 575 nnmerum
1627 521 2032 574 PALATINUM
2078 521 2563 572 DUNELMENSE.
2798 509 2925 570 485

823 728 902 773 ac
945 707 1233 794 collegia,
1285 707 1561 794 singula,
1594 729 1711 794 per
1755 713 2205 792 procuratores
2250 707 2557 793 singulos
2592 706 2928 792 clerusque
2992 725 3103 770 Am.

822 815 1192 876 vestrarum
1238 810 1532 880 civitatis
1576 815 1645 876 et
1704 811 2017 900 dioecesiS,
2072 831 2189 896 per
2250 810 2414 874 duos
2481 814 2929 894 procuratores

822 911 1106 1000 idoneos,
1176 911 1442 998 plenam
1506 917 1576 976 et
1641 908 2075 978 sufficientem
2144 916 2541 997 potestatem
2609 911 2694 975 ab
2756 911 2929 996 *ipsis

823 1013 1273 1092 conventibus,
1321 1013 1644 1100 capituJiS,
1691 1013 1983 1100 collegiis
2032 1019 2101 1078 et
2119 1011 2317 1091 clero,
2350 1013 2685 1092 habenteS,
2720 1014 2826 1078 die
2858 1019 2928 1078 et

821 1113 962 1180 loco
1006 1115 1356 1200 praedictis,
1403 1137 1554 1182 cum
1599 1115 2096 1184 continuatione
2141 1120 2210 1181 et
2255 1116 2711 1202 prorogatione
2764 1106 2931 1202 prse-¹

821 1217 1086 1295 notatiS,
1128 1238 1362 1284 coram
1404 1216 1598 1284 nobis
1641 1219 2091 1303 compareatis,
2139 1223 2208 1282 et
2252 1222 2689 1304 compareant,
2736 1239 2932 1303 super
3064 1273 3071 1279 .

824 1319 1264 1404 proponendis
1295 1319 1484 1386 vobis
1515 1324 1584 1385 et
1628 1320 1875 1385 eisdem
1919 1319 1995 1383 in
2037 1319 2417 1405 hujusmodi
2464 1320 2930 1386 convocatione

820 1421 1188 1498 tractaturi,
1213 1421 1472 1486 salubre
1502 1421 1849 1488 consilium
1879 1425 2174 1486 vestrum
2206 1426 2275 1485 et
2304 1442 2498 1485 suum
2528 1421 2889 1507 impensuri
2916 1445 2932 1500 ;

819 1503 1077 1588 necnon
1136 1523 1226 1588 ad
1291 1545 1369 1589 ea
1413 1545 1578 1609 quae,
1621 1523 1734 1588 'ad‘
1763 1522 2077 1588 honorem
2142 1522 2287 1601 Dei,
2336 1544 2413 1588 ac
2480 1523 2929 1588 defensionem

821 1630 892 1690 et
934 1624 1295 1691 utilitatem
1343 1625 1630 1692 ecclesiae
1675 1629 1744 1690 et
1788 1626 2097 1710 proviciae
2153 1625 2578 1692 Eboracensis
2638 1625 2927 1690 locorum

821 1729 890 1791 et
931 1725 1392 1811 parochiarum
1436 1727 1920 1812 praedictarum,
1952 1726 2199 1794 ibidem
2244 1729 2501 1791 statuta
2544 1726 2807 1803 fuerint,
2862 1731 2932 1792 et

819 1828 1256 1894 communiter
1322 1829 1640 1905 ordinata,
1688 1849 2039 1894 consensus
2097 1832 2352 1893 vestros
2396 1832 2466 1892 et
2516 1849 2682 1905 suos,
2732 1835 2931 1914 prout

812 1929 1072 2015 justum
1116 1929 1336 2007 fuerit,
1380 1929 1788 2009 adhibituri,
1833 1929 2073 1996 facturi
2133 1929 2427 2006 ulterius,
2474 1934 2543 1994 et
2585 1932 2928 2016 recepturi,

818 2031 894 2096 in
935 2031 1061 2098 hac
1104 2037 1308 2118 parte,
1342 2032 1520 2118 quod
1565 2053 1923 2098 consonum
1965 2032 2168 2096 fuerit
2212 2023 2541 2098 canonicis
2584 2033 2928 2111 institutis,

821 2137 892 2198 et
935 2133 1220 2251 qualitas
1267 2139 1336 2200 et
1401 2137 1645 2198 natura
1691 2134 1906 2220 exigit
1966 2133 2485 2219 praemissorum3
2548 2155 2667 2199 vos
2730 2135 2931 2199 etiam

821 2236 1308 2321 praemunimus,
1373 2241 1444 2301 et
1505 2240 1790 2312 caeteros,
1854 2255 1971 2320 per
2015 2255 2133 2299 vos
2187 2235 2501 2312 citandos,
2548 2236 2931 2321 praemuniri

820 2337 1128 2402 volumus
1157 2343 1228 2403 et
1256 2337 1662 2415 mandamus,
1710 2335 1889 2422 quod
1933 2341 2162 2402 contra
2203 2336 2507 2402 absentes
2547 2337 2621 2400 in
2648 2339 2933 2402 termino

820 2439 1212 2524 supradicto,
1243 2438 1373 2503 nisi
1415 2443 1684 2524 propter
1727 2437 2067 2503 evidentes
2114 2459 2355 2516 causas,
2388 2442 2459 2502 et
2490 2437 2929 2516 rationabiles,

819 2538 901 2607 de
947 2540 1186 2626 quibus
1216 2541 1290 2605 in
1333 2561 1410 2605 eo
1456 2546 1702 2605 eventu
1745 2538 1945 2604 fidem
1976 2539 2275 2617 feceritis,
2306 2543 2377 2604 et
2420 2538 2707 2617 fecerint,
2742 2539 2928 2624 [nisi]

819 2642 1112 2728 legitime
1155 2641 1414 2708 fueritis
1459 2648 1529 2708 et
1557 2641 1808 2706 fuerint
1850 2641 2169 2727 impediti,
2202 2646 2522 2729 tanquam
2551 2642 2931 2708 inobedien-

819 2751 920 2810 tes
965 2751 1036 2812 et
1063 2752 1494 2824 contumaces,
1537 2746 1742 2832 juxta
1783 2745 1958 2831 juris
2010 2745 2433 2830 exigentiam,
2488 2746 2927 2832 procedemus.

819 2847 924 2912 De
991 2847 1098 2912 die
1144 2868 1301 2913 vero
1364 2847 1760 2932 receptionis
1838 2846 2281 2932 praesentium,
2328 2851 2398 2910 et
2464 2845 2747 2931 qualiter
2808 2847 2933 2913 hoc

821 2954 1124 3014 nostrum
1189 2948 1584 3014 mandatum
1651 2947 1913 3013 fueritis
1958 2948 2237 3027 executi,
2284 2968 2421 3024 nos,
2470 2948 2636 3013 citra
2680 2949 2932 3015 dictum

824 3050 1016 3127 diem,
1062 3050 1374 3116 distincte
1419 3055 1488 3116 et
1531 3056 1758 3136 aperte
1803 3048 2199 3140 certificetis,
2247 3071 2365 3134 per
2408 3048 2633 3116 literas
2680 3057 2935 3116 vestras

821 3155 1140 3238 patentes,
1185 3151 1422 3216 harum
1485 3150 1735 3228 seriem,
1783 3156 1854 3216 et
1896 3150 2167 3217 nomina
2219 3151 2573 3217 citatorum
2617 3153 2931 3232 omnium,

821 3253 895 3317 in
924 3251 1184 3339 scriptis
1227 3253 1658 3330 redactorum,
1690 3251 1983 3338 plenarie
2014 3252 2442 3317 continentes.
2502 3253 2614 3316 Ad
2644 3255 2930 3320 ecclesiae

821 3355 1011 3420 vobis
1078 3355 1438 3420 commissae
1501 3352 1796 3439 regimen
1864 3359 1933 3418 et
1999 3351 2355 3431 munimen,
2403 3375 2521 3419 vos
2588 3361 2932 3422 conservet

822 3457 1202 3522 Altissimus
1276 3455 1556 3521 feliciter
1650 3455 1723 3520 in
1795 3453 2187 3541 longaevum.
2309 3455 2560 3521 Datum
2638 3457 2929 3537 Eboraci,

821 3559 982 3623 xvii.
1029 3557 1349 3622 kalendas
1378 3556 1774 3634 Decembris,
1806 3576 1981 3621 anno
2027 3555 2297 3620 Domini
2342 3557 2690 3623 millesimo
2720 3572 2927 3626 cccm0.

824 3658 1430 3745 quadragesimo.—

912 3761 1196 3826 Demum
1262 3759 1493 3824 habita
1572 3759 1749 3823 inter
1816 3758 1963 3823 illos
2026 3758 2109 3823 de
2181 3759 2469 3844 capitulo
2536 3760 2930 3828 Eboracensi
2952 3772 3183 3874 Asreomeg
3224 3787 3229 3815 a

743 3886 751 3895 ·
823 3884 1017 3949 super
1061 3861 1429 3947 propositis,
1479 3859 1688 3936 dictis,
1737 3864 1806 3924 et
1851 3859 2167 3945 allegatis,
2211 3881 2329 3945 per
2396 3861 2647 3927 dictum
2692 3822 3027 3965 magis-geg
3026 3822 3231 3964 1131ῗέ

823 3971 1001 4031 trum
1047 3963 1430 4039 walterum,
1482 3961 1917 4046 (allegantem,
1966 3967 2036 4025 et
2101 3966 2475 4028 constanter
2518 3971 2930 4044 asserentem,
2954 3971 3046 4016 b0¹¹
3026 3922 3118 4017 Ἢ
3127 3935 3187 4066 Ξ
3224 3959 3231 3968 ’

823 4069 1000 4132 inter
1042 4069 1292 4142 coetera,
1339 4065 1558 4149 ipsum
1604 4063 1969 4148 capitulum
2015 4062 2435 4143 Eboracense,
2482 4066 2633 4142 sede
2684 4067 2931 4134 archie-
2953 4033 3191 4168 {31¹}wa

822 4168 1137 4285 piscopali
1185 4166 1579 4233 Eboracensi
1624 4171 1919 4244 vacante,
1964 4187 2100 4232 non
2143 4166 2393 4244 debere,
2438 4189 2561 4233 nec
2618 4190 2805 4255 posse
2850 4173 2933 4237 de

815 4271 983 4357 jure,
1029 4269 1376 4336 concilium
1421 4269 1821 4353 convocare,)
1870 4266 2339 4334 deliberatione
2391 4269 2683 4355 pleniori,
2730 4271 2931 4369 iidem
