3592 5817
894 811 1023 896 242
1256 845 1651 936 ΒΕσΞετΒυΜ
1698 843 2102 894 nummum
2149 841 2638 892 nominasse

588 1041 698 1090 A».
714 1047 829 1092 1³1⁰.
892 1031 1101 1097 lectus
1167 1030 1357 1096 nobis
1424 1031 1499 1095 in
1564 1029 1832 1097 Christo
1896 1029 2090 1108 filius,
2151 1029 2458 1094 dominus
2521 1031 2852 1096 Robertus
2919 1029 2999 1096 de

757 1213 763 1220 ·
894 1135 1243 1213 Mortham,
1320 1140 1677 1220 perpetuus
1750 1134 2038 1200 vicarius
2129 1133 2414 1199 ecclesiae
2490 1134 2574 1200 de
2641 1132 3000 1220 Gaynford,

894 1243 1137 1302 nostrae
1200 1237 1513 1320 dioecesis,
1591 1257 1793 1302 unam
1871 1235 2232 1302 cantariam
2307 1241 2692 1322 perpetuam
2767 1235 2999 1300 funda·
3081 1227 3093 1236 ’

774 1408 782 1417 ,
895 1340 1071 1404 verit
1115 1338 1186 1404 in
1231 1339 1483 1426 capella
1544 1339 1771 1404 Beatae
1819 1338 2048 1404 Mariae
2111 1338 2192 1403 de
2248 1337 2482 1404 Castro
2550 1338 2888 1415 Bernardi,
2933 1343 3002 1404 et

896 1448 1147 1526 septem
1210 1440 1562 1526 mesuagio,
1626 1439 2067 1526 quadraginta
2133 1460 2316 1504 acras
2383 1445 2594 1516 terrae,
2649 1445 2718 1504 et
2780 1440 3000 1504 decem

897 1543 1137 1608 solidos
1201 1543 1406 1607 annui
1476 1542 1791 1619 redditus,
1860 1563 2010 1607 cum
2078 1541 2515 1627 pertinentiis,
2580 1541 2652 1606 in
2697 1541 2861 1605 villa
2919 1541 3000 1605 de

898 1645 1131 1710 Castro
1178 1643 1497 1710 Bernardi
1545 1647 1615 1708 et
1674 1642 2215 1730 Thwytyngton’,
2241 1643 2448 1720 ·De0,‘
2483 1643 2696 1707 beatae
2755 1642 3000 1718 Mariae,

882 1752 967 1812 et
1013 1747 1099 1811 ad
1144 1747 1693 1811 sustentationem
1740 1743 2061 1832 capellani
2105 1745 2303 1810 dictae
2347 1744 2674 1820 cantafiae,
2721 1744 2794 1808 in
2837 1765 2999 1830 prae-

899 1848 1039 1913 fata
1083 1848 1332 1934 capella
1376 1847 1782 1924 celebraturi,
1830 1847 2219 1938 concesserit
2259 1851 2328 1911 et
2373 1847 2735 1924 donaverit,
2781 1852 3002 1910 mente

898 1951 1028 2034 pia,
1074 1949 1449 2013 habendum
1498 1953 1567 2013 et
1612 1949 1970 2013 tenendum
2032 1949 2209 2014 dicto
2263 1947 2598 2034 capellano
2645 1953 2714 2014 et
2755 1969 3002 2013 succes-

900 2051 1153 2117 soribus
1220 2052 1372 2128 suiS,
1428 2051 1501 2114 in
1564 2051 1862 2116 cantaria
1928 2050 2260 2135 praedicta,
2306 2050 2388 2114 de
2451 2049 2844 2136 capitalibus
2889 2050 3002 2114 do-

900 2153 1097 2217 minis
1142 2152 1333 2230 feodi,
1380 2174 1497 2237 per
1540 2151 1815 2216 servitia
1861 2151 2016 2216 inde
2063 2151 2288 2216 debita
2335 2156 2404 2216 et
2447 2156 2774 2229 consueta,
2805 2156 3006 2236 prout

900 2255 971 2320 in
1046 2259 1229 2320 carta
1302 2253 1466 2319 dicti
1530 2253 1822 2331 Roberti,
1869 2253 2025 2317 inde
2091 2253 2402 2330 confecta,
2463 2253 2726 2338 plenius
2791 2253 3000 2319 conti-

899 2361 1097 2421 netur
1121 2377 1361 2434 :-nOS,
1408 2361 1547 2420 tam
1610 2355 1705 2440 pii
1761 2355 1976 2442 operis
2043 2355 2396 2440 participes
2457 2355 2598 2418 fieri
2647 2355 2999 2440 cupientes,

900 2459 1245 2544 praefatam
1292 2457 1673 2534 cantariam,
1719 2455 1834 2542 pia
1863 2461 1942 2520 ut
1987 2457 2438 2542 praemittitur,
2485 2457 3002 2521 consideratione

901 2560 1265 2638 fundatam,
1312 2579 1447 2624 una
1492 2579 1641 2624 cum
1688 2559 2098 2624 concessione
2158 2581 2275 2624 seu
2320 2558 2674 2624 donatione
2719 2579 3003 2624 messua-
3115 2558 3122 2566 ’

898 2663 1173 2747 giorum,
1222 2667 1431 2737 terrac,
1479 2667 1548 2726 et
1592 2660 1972 2725 reddituum
2027 2661 2506 2747 praedictorum,
2553 2666 2780 2727 tenore
2838 2683 3005 2747 prae-

902 2765 1189 2828 scntium
1266 2763 1761 2841 confirmamus3
1837 2763 1996 2826 dum
2073 2768 2296 2828 tamen
2373 2763 2446 2826 in
2517 2768 2834 2840 nostrum,
2897 2761 3006 2827 vel

902 2864 1187 2931 ecclesiae
1232 2870 1473 2930 nostrae
1533 2860 2020 2942 Dunolmensis,
2065 2864 2525 2951 praejudicium
2589 2881 2723 2930 non
2767 2865 3006 2930 redun-

904 2968 1050 3032 det:
1116 2966 1411 3032 volentes
1472 2966 1649 3051 quod
1714 2965 2029 3052 praefatus
2091 2967 2435 3045 RobertuS,
2482 2967 2697 3052 quoad
2743 2967 3006 3044 vixerit,

900 3069 1303 3157 praeficiendi
1373 3069 1444 3132 in
1508 3069 1804 3134 cantaria
1862 3074 2222 3134 memorata
2283 3069 2710 3154 capellanum,
2755 3073 3008 3155 tempo-

902 3171 1105 3236 talem
1151 3175 1270 3236 aut
1312 3176 1723 3256 perpetuum,
1770 3169 2044 3234 liberam
2089 3169 2332 3236 habeat
2377 3169 2799 3250 facultatem3
2859 3175 3009 3256 post

907 3274 1238 3338 decessum
1284 3293 1441 3336 vero
1488 3271 1781 3357 ejusdem
1837 3269 2126 3349 Roberti,
2173 3293 2565 3338 successores
2609 3272 2729 3350 sui,
2777 3272 3006 3336 vicarii

905 3375 986 3439 de
1032 3373 1389 3459 Gaynford,
1453 3372 1649 3438 infra.
1686 3372 1854 3437 duos
1913 3394 2167 3438 menses
2211 3395 2254 3440 a
2299 3379 2590 3459 tempore
2643 3374 3008 3442 vacationis

906 3476 1220 3542 cantariae
1297 3475 1683 3560 saepcdictae,
1760 3474 2174 3560 capellanum
2256 3473 2583 3552 idoneum,
2661 3475 2743 3539 de
2817 3497 3006 3560 paro-

906 3577 1057 3643 chia
1100 3578 1181 3642 de
1246 3576 1589 3662 Gaynford
1649 3575 2020 3654 oriundum,
2068 3577 2124 3641 si
2188 3576 2552 3662 reperiatur
2613 3575 2875 3653 ibidem,
2919 3577 3008 3642 aad

905 3678 1422 3742 nominationem
1484 3678 1978 3744 communitatis
2024 3677 2202 3743 villae
2263 3679 2346 3742 de
2393 3677 2627 3744 Castro
2671 3677 3007 3755 Bernardi,

905 3779 1096 3845 nobis
1143 3784 1211 3843 et
1264 3779 1741 3844 successoribus
1809 3778 2052 3844 nostris
2112 3785 2507 3866 praesentare
2567 3780 3010 3860 tenebuntur;

906 3881 1217 3965 alioquin,
1254 3885 1403 3965 post
1431 3880 1689 3967 lapsum
1720 3880 2002 3946 duorum
2039 3882 2364 3946 mensium
2407 3901 2451 3947 a
2495 3887 2788 3968 tempore
2819 3903 3008 3947 vaca·

906 3983 1107 4049 tionis
1155 3982 1464 4068 ejusdem,
1510 3983 1597 4047 ad
1638 4003 1757 4048 nos
1805 3989 1876 4072 et
1917 4005 2314 4050 successores
2357 3989 2633 4064 nostroe,
2681 3984 2800 4050 illa
2844 3983 3002 4061 vice,

907 4085 1199 4172 ejusdem
1274 4084 1586 4150 cantariae
1661 4083 1924 4150 collatio
1993 4085 2400 4151 devolvatur.
2519 4085 2841 4151 Volumus
2903 4085 3010 4150 in-

906 4209 1119 4274 super,
1166 4189 1237 4251 et
1278 4184 1652 4264 statuimus,
1700 4186 1878 4271 quod
1923 4186 2314 4272 capellanus,
2359 4186 2605 4252 ibidem
2650 4186 3008 4272 praeficien-

907 4290 1047 4365 dus,
1096 4287 1297 4353 Horis
1342 4287 1670 4354 canonicis
1730 4293 1803 4354 et
1859 4288 2007 4354 aliis
2067 4288 2314 4354 divinis
2374 4287 2601 4354 officiis
2645 4289 2716 4352 in
2761 4289 3012 4374 capella

906 4389 1197 4478 praefata,
1245 4409 1381 4454 una
1446 4409 1595 4454 cum
1662 4389 1916 4454 caeteris
1983 4389 2304 4454 ministris
2372 4389 2663 4475 ejusdem
2725 4389 3009 4476 capellae,

906 4490 1338 4576 personaliter
1396 4489 1661 4556 intersit
1719 4489 1952 4555 diebus
1997 4490 2254 4555 festivis
2314 4495 2382 4556 et
2441 4490 2607 4567 aliie,
2653 4496 3010 4576 quantum-

906 4581 1164 4676 cu'nque
1208 4589 1475 4657 vacabit
1516 4590 1744 4655 eidem.
1857 4589 1940 4654 In
1986 4591 2087 4676 cuj
2095 4613 2173 4655 us
2218 4591 2312 4656 rei
2373 4591 2843 4668 testimonium,
2889 4591 3010 4656 has

908 4693 1133 4760 literas
1176 4697 1431 4758 nostras
1474 4691 1654 4757 dicto
1696 4692 1984 4763 Roberto
2029 4693 2478 4771 concessimus,
2521 4691 2738 4782 sigillo
2783 4699 3011 4762 nostro
