3592 5817
863 769 990 834 248
1217 754 1610 838 REGIs'rizuM
1659 788 2063 871 PALATrNUM
2112 789 2601 839 nunnmnnss.

559 989 671 1035 Am.
687 993 802 1036 ιω.
860 945 1323 1043 sustinueritis,
1353 985 1488 1044 tos,
1521 966 1594 1030 in
1637 964 1766 1030 hiis
1797 966 2075 1052 scriptis,
2106 957 2565 1052 suspendimus
2610 986 2653 1030 a
2696 963 2955 1030 divinis.

862 1068 951 1135 Et
1001 1070 1058 1134 si
1125 1091 1242 1156 per
1299 1070 1461 1136 alios
1528 1091 1646 1134 sex
1707 1069 1847 1134 dies
1914 1076 2163 1136 extunc
2229 1071 2529 1156 proxime
2596 1075 2956 1154 sequenteS,

861 1193 1022 1256 quos
1067 1172 1370 1237 similiter
1398 1172 1586 1238 vobis
1633 1194 1750 1257 pro
1783 1173 2145 1238 monitione
2188 1174 2501 1262 canonica
2532 1174 2955 1260 assignamus,

861 1274 1352 1365 suspensionem
1439 1274 1819 1362 hujusmodi
1900 1275 2440 1362 contempseritis,
2461 1288 2479 1304 ⁸
2516 1276 2695 1362 quod
2766 1275 2955 1352 absit,

861 1378 1082 1444 animo
1159 1380 1484 1458 indurato,
1574 1400 1694 1446 vos
1762 1380 1835 1445 in
1916 1379 2047 1446 hiis
2114 1380 2375 1466 scriptis
2440 1380 2957 1447 excommunica-

861 1481 1064 1546 tionis
1107 1482 1438 1548 sententia
1487 1481 1894 1550 innodamus.
2018 1479 2104 1548 In
2162 1482 2454 1570 capitula
2496 1505 2655 1548 vero
2698 1489 2769 1548 et
2810 1503 2959 1550 con-

862 1591 1120 1663 ventus,
1166 1587 1298 1670 qui,
1359 1607 1476 1651 seu
1544 1607 1707 1671 quse,
1761 1585 2116 1672 praemissis
2182 1587 2425 1651 nostris
2486 1585 2959 1668 monitionibus

863 1710 999 1754 non
1043 1689 1387 1774 paruerint
1445 1709 1595 1756 cum
1657 1689 1911 1766 effectu,
1966 1690 2411 1775 suspensionis
2454 1711 2499 1754 a
2542 1689 2830 1768 divinis3
2890 1694 2959 1755 et

865 1790 936 1854 in
979 1790 1266 1868 abbates,
1313 1791 1577 1876 prioreS,
1624 1791 1917 1868 decanos
1966 1797 2037 1856 et
2096 1797 2362 1857 caeteras
2408 1791 2773 1878 singulares
2802 1810 2956 1874 ,per-

863 1915 1054 1959 sonas
1129 1895 1427 1981 superius
1497 1895 1887 1980 designatas,
1960 1888 2109 1980 quae
2177 1892 2627 1966 inobedientes
2694 1893 2958 1972 fuerint3

863 2017 980 2060 seu
1026 1997 1315 2074 rebelles,
1361 1997 1433 2061 in
1477 1997 1827 2082 praedictis,
1861 1996 1971 2062 vel
2014 1999 2237 2084 aliquo
2282 1999 2762 2084 praedictorum,
2804 2019 2957 2064 nec-

863 2120 1000 2164 non
1041 2100 1116 2164 in
1161 2099 1668 2166 contradictores
1718 2100 2062 2185 quoslibet,
2081 2097 2098 2106 ’
2111 2107 2181 2165 et
2224 2101 2510 2178 rebelles,
2556 2123 2635 2168 ac
2680 2101 2956 2188 impedi-

863 2205 1048 2267 entes
1092 2223 1207 2266 seu
1251 2201 1766 2288 impedientibus
1796 2193 2184 2287 praestantes
2214 2203 2555 2280 auxilium,
2598 2203 2957 2279 consilium,

862 2302 970 2368 vel
1015 2301 1322 2380 favorem,
1371 2305 1721 2388 quominus
1780 2305 2004 2369 omnia
2062 2326 2261 2391 supra
2302 2310 2372 2369 et
2432 2305 2606 2370 infra
2667 2327 2785 2390 per
2841 2326 2959 2372 nos

862 2403 1162 2491 injuncta
1227 2407 1530 2471 effectum
1595 2407 1893 2472 debitum
1958 2411 2451 2492 consequantur,
2516 2407 2959 2492 cujuscunque

863 2507 1226 2594 dignitatis,
1271 2507 1682 2585 conditionis,
1731 2511 1852 2574 aut
1897 2512 2127 2585 status,
2160 2509 2469 2585 existant,
2514 2509 2957 2576 excommuni-

859 2611 1138 2678 cationis
1203 2612 1578 2688 sententias,
1625 2610 1843 2698 spatio
1902 2632 2019 2677 sex
2086 2611 2341 2678 dierum
2400 2611 2486 2677 ad
2544 2611 2959 2728 purgandum

862 2735 1128 2792 moram,
1181 2713 1710 2792 inobedientiam,
1759 2735 1877 2779 seu
1936 2714 2215 2800 culpam,
2263 2714 2336 2779 in
2396 2714 2677 2801 singulis
2720 2715 2822 2780 eis
2860 2715 2959 2778 in-

859 2817 1064 2894 dulte,
1111 2822 1181 2883 et
1223 2837 1342 2902 pro
1387 2818 1698 2883 canonica
1749 2817 2114 2883 monitione
2175 2818 2524 2904 praemissO,
2570 2818 2957 2904 proferimus

799 2943 806 2950 ·
860 2919 933 2983 in
994 2917 1125 2983 hiis
1187 2917 1462 3005 scriptis,
1509 2918 1987 2985 absolutionem
2056 2919 2349 3006 omnium
2420 2925 2490 2985 et
2552 2919 2957 3006 singulorum

861 3021 974 3105 qui
1040 3021 1401 3087 sententias
1464 3020 1639 3106 ipsas
1663 3020 1687 3058 ¹
1755 3021 2169 3100 incurrerint,
2214 3023 2405 3088 nobis
2473 3023 2577 3086 vel
2642 3023 2959 3108 superiori

855 3127 1083 3190 nostro
1126 3123 1200 3188 in
1245 3128 1576 3210 posterum
1623 3131 2071 3204 reservantes3
2116 3125 2505 3190 mandantes
2549 3125 2739 3190 vobis
2784 3125 2958 3210 quod

859 3226 1008 3292 illos
1053 3231 1122 3291 et
1179 3226 1342 3292 alios
1404 3225 1522 3311 qui
1583 3225 1718 3290 sint
1765 3224 1971 3312 ligati
2024 3225 2367 3292 sententiis
2435 3227 2508 3290 in
2556 3227 2959 3312 ¹supradictis

860 3329 1008 3396 aliis
1075 3329 1478 3416 processibus
1545 3328 1787 3408 nostris
1856 3329 2199 3406 contentis,
2246 3351 2362 3414 per
2420 3350 2537 3394 vos
2582 3329 2694 3394 vel
2754 3329 2957 3395 alium

862 3453 977 3497 seu
1021 3431 1183 3497 alios
1227 3437 1366 3496 tam
1427 3431 1544 3495 diu
1604 3430 2033 3508 denuncietis,
2088 3429 2196 3495 vel
2258 3430 2639 3497 denunciari
2684 3431 2956 3508 faciatis,

861 3535 1038 3621 ipsas
1103 3538 1360 3598 nostras
1420 3533 1781 3598 sententias
1846 3533 2211 3608 incurrisse,
2259 3539 2329 3597 et
2385 3553 2433 3597 a
2471 3533 2777 3597 fidelibus
2820 3533 2954 3597 evi-

860 3637 989 3702 tari
1081 3627 1344 3712 curetis,
1415 3655 1492 3701 ac
1580 3636 1955 3720 aggravetis
2044 3657 2385 3700 censuram
2460 3635 2956 3701 ecclesiasticam

861 3741 1090 3805 contra
1162 3758 1286 3814 eos,
1351 3737 1557 3802 donec
1617 3737 1809 3822 plene
1877 3736 2325 3814 satisfecerint,
2396 3743 2465 3802 et
2530 3737 2957 3803 absolutionis

859 3839 1249 3906 beneficium
1293 3837 1654 3902 meruerint
1705 3838 2017 3904 obtinere.
2131 3839 2453 3904 Volumus
2497 3845 2738 3916 autem,
2784 3840 2959 3924 quod

859 3941 934 4008 in
995 3941 1347 4008 moderatis
1409 3941 1713 4026 expensis
1781 3942 2097 4008 faciendis
2164 3963 2281 4026 per
2326 3963 2443 4006 vos
2495 3939 2604 4006 vel
2663 3947 2957 4006 vestrum

859 4045 1159 4122 alterum,
1204 4047 1326 4110 aut
1368 4043 1821 4129 deputandum
1867 4066 1910 4110 a
1952 4043 2140 4109 vobis
2181 4043 2518 4110 occasione
2561 4043 2956 4131 hujusmodi,

863 4147 1320 4216 contribuatur
1363 4146 1450 4212 ab
1509 4145 1748 4223 electis,
1793 4143 2161 4234 abbatibus,
2226 4152 2297 4212 et
2354 4147 2503 4212 aliis
2546 4147 2954 4234 supradictis.

863 4251 1196 4318 Caeterum
1255 4248 1662 4327 solutionem,
1719 4248 2133 4328 levationem,
2180 4255 2250 4315 et
2310 4248 2747 4336 receptionem
2812 4271 2959 4336 pro-

861 4353 1275 4421 curationum
1323 4351 1718 4437 hujusmodi,
1767 4351 1909 4418 fieri
1960 4351 2267 4418 volumus
2332 4341 2541 4418 etiam
2602 4353 2957 4420 secundum

859 4461 1157 4523 tenorem
1220 4459 1290 4520 et
1351 4455 1643 4533 formam,
1709 4475 1786 4521 ac
1848 4455 1930 4519 de
1998 4459 2069 4520 et
2142 4477 2262 4542 pro
2339 4455 2667 4524 fructibus
2740 4451 2959 4534 etiam,

1699 4692 1712 4724 ¹
1748 4691 1875 4758 ipsis
1897 4689 1951 4740 in
1973 4689 2099 4758 orig.
