<?xml version="1.0" encoding="UTF-8"?>
<!DOCTYPE html PUBLIC "-//W3C//DTD XHTML 1.0 Transitional//EN"
    "http://www.w3.org/TR/xhtml1/DTD/xhtml1-transitional.dtd">
<html xmlns="http://www.w3.org/1999/xhtml" xml:lang="en" lang="en">
 <head>
  <title>
</title>
<meta http-equiv="Content-Type" content="text/html;charset=utf-8" />
  <meta name='ocr-system' content='tesseract 3.04.00' />
  <meta name='ocr-capabilities' content='ocr_page ocr_carea ocr_par ocr_line ocrx_word'/>
</head>
<body>
  <div class='ocr_page' id='page_1' title='image "./registrumpalati00unkngoog_0163.png"; bbox 0 0 3592 5817; ppageno 0'>
   <div class='ocr_carea' id='block_1_1' title="bbox 747 826 2224 896">
    <p class='ocr_par' dir='ltr' id='par_1_1' title="bbox 747 826 2224 896">
     <span class='ocr_line' id='line_1_1' title="bbox 747 826 2224 896; baseline -0.004 0"><span class='ocrx_word' id='word_1_1' title='bbox 747 826 880 896; x_wconf 85' lang='lat' dir='ltr'><strong>cliv</strong></span> <span class='ocrx_word' id='word_1_2' title='bbox 1373 839 1725 892; x_wconf 68' lang='lat' dir='ltr'><strong>Arrmrmx</strong></span> <span class='ocrx_word' id='word_1_3' title='bbox 1772 842 1860 892; x_wconf 79' lang='lat' dir='ltr'><strong>ro</strong></span> <span class='ocrx_word' id='word_1_4' title='bbox 1904 841 2224 893; x_wconf 70' lang='lat' dir='ltr'><strong>munos.</strong></span> 
     </span>
    </p>
   </div>
   <div class='ocr_carea' id='block_1_2' title="bbox 1172 994 2432 1120">
    <p class='ocr_par' dir='ltr' id='par_1_2' title="bbox 1172 994 2432 1120">
     <span class='ocr_line' id='line_1_2' title="bbox 1172 994 2432 1120; baseline 0 -22"><span class='ocrx_word' id='word_1_5' title='bbox 1172 1031 1303 1100; x_wconf 73' lang='lat' dir='ltr'><strong>1⁷7ae</strong></span> <span class='ocrx_word' id='word_1_6' title='bbox 1334 1030 1702 1100; x_wconf 68' lang='lat' dir='ltr'><strong>Testmm</strong></span> <span class='ocrx_word' id='word_1_7' title='bbox 1729 1030 1810 1120; x_wconf 87' lang='lat' dir='ltr'><strong>of</strong></span> <span class='ocrx_word' id='word_1_8' title='bbox 1842 994 2090 1120; x_wconf 51' lang='lat' dir='ltr'><strong>Bish&#39;op</strong></span> <span class='ocrx_word' id='word_1_9' title='bbox 2121 1030 2432 1100; x_wconf 66' lang='lat' dir='ltr'><strong>Kanum.</strong></span> 
     </span>
    </p>
   </div>
   <div class='ocr_carea' id='block_1_3' title="bbox 747 1156 2884 4514">
    <p class='ocr_par' dir='ltr' id='par_1_3' title="bbox 747 1156 2884 4514">
     <span class='ocr_line' id='line_1_3' title="bbox 841 1156 2884 1247; baseline -0.001 -23"><span class='ocrx_word' id='word_1_10' title='bbox 841 1158 893 1243; x_wconf 77' lang='lat' dir='ltr'>ff</span> <span class='ocrx_word' id='word_1_11' title='bbox 917 1159 1002 1224; x_wconf 93' lang='lat' dir='ltr'><strong>In</strong></span> <span class='ocrx_word' id='word_1_12' title='bbox 1046 1159 1311 1225; x_wconf 87' lang='lat' dir='ltr'><strong>nomine</strong></span> <span class='ocrx_word' id='word_1_13' title='bbox 1342 1160 1558 1225; x_wconf 84' lang='lat' dir='ltr'><strong>Patris</strong></span> <span class='ocrx_word' id='word_1_14' title='bbox 1603 1164 1672 1225; x_wconf 91' lang='lat' dir='ltr'><strong>et</strong></span> <span class='ocrx_word' id='word_1_15' title='bbox 1715 1158 1873 1224; x_wconf 83' lang='lat' dir='ltr'><strong>Filii</strong></span> <span class='ocrx_word' id='word_1_16' title='bbox 1919 1163 1988 1223; x_wconf 90' lang='lat' dir='ltr'><strong>et</strong></span> <span class='ocrx_word' id='word_1_17' title='bbox 2018 1156 2308 1244; x_wconf 88' lang='lat' dir='ltr'><strong>Spiritus</strong></span> <span class='ocrx_word' id='word_1_18' title='bbox 2340 1156 2586 1237; x_wconf 87' lang='lat' dir='ltr'><strong>Sancti,</strong></span> <span class='ocrx_word' id='word_1_19' title='bbox 2616 1158 2845 1223; x_wconf 88' lang='lat' dir='ltr'><strong>Amen.</strong></span> <span class='ocrx_word' id='word_1_20' title='bbox 2878 1238 2884 1247; x_wconf 32' lang='grc' dir='ltr'>Ι</span> 
     </span>
     <span class='ocr_line' id='line_1_4' title="bbox 754 1258 2850 1348; baseline -0.001 -21"><span class='ocrx_word' id='word_1_21' title='bbox 754 1261 895 1347; x_wconf 89' lang='lat' dir='ltr'><strong>Ego</strong></span> <span class='ocrx_word' id='word_1_22' title='bbox 969 1261 1290 1328; x_wconf 87' lang='lat' dir='ltr'><strong>Ricardus</strong></span> <span class='ocrx_word' id='word_1_23' title='bbox 1367 1261 1728 1348; x_wconf 78' lang='lat' dir='ltr'>Episcopus</span> <span class='ocrx_word' id='word_1_24' title='bbox 1805 1259 2290 1338; x_wconf 76' lang='lat' dir='ltr'><strong>DunelmensiS,</strong></span> <span class='ocrx_word' id='word_1_25' title='bbox 2368 1281 2566 1326; x_wconf 88' lang='lat' dir='ltr'><strong>sanus</strong></span> <span class='ocrx_word' id='word_1_26' title='bbox 2626 1258 2850 1325; x_wconf 79' lang='lat' dir='ltr'><strong>mente</strong></span> 
     </span>
     <span class='ocr_line' id='line_1_5' title="bbox 753 1361 2850 1449; baseline 0 -24"><span class='ocrx_word' id='word_1_27' title='bbox 753 1362 908 1429; x_wconf 87' lang='lat' dir='ltr'><strong>licet</strong></span> <span class='ocrx_word' id='word_1_28' title='bbox 950 1363 1251 1429; x_wconf 90' lang='lat' dir='ltr'><strong>infirmus</strong></span> <span class='ocrx_word' id='word_1_29' title='bbox 1315 1384 1595 1449; x_wconf 89' lang='lat' dir='ltr'><strong>corpore,</strong></span> <span class='ocrx_word' id='word_1_30' title='bbox 1641 1362 1716 1427; x_wconf 87' lang='lat' dir='ltr'><strong>in</strong></span> <span class='ocrx_word' id='word_1_31' title='bbox 1783 1362 1891 1427; x_wconf 91' lang='lat' dir='ltr'><strong>die</strong></span> <span class='ocrx_word' id='word_1_32' title='bbox 1934 1361 2284 1428; x_wconf 88' lang='lat' dir='ltr'><strong>Dominica</strong></span> <span class='ocrx_word' id='word_1_33' title='bbox 2327 1361 2626 1448; x_wconf 81' lang='lat' dir='ltr'>proxime</span> <span class='ocrx_word' id='word_1_34' title='bbox 2693 1365 2850 1426; x_wconf 89' lang='lat' dir='ltr'><strong>ante</strong></span> 
     </span>
     <span class='ocr_line' id='line_1_6' title="bbox 750 1453 2850 1551; baseline 0 -23"><span class='ocrx_word' id='word_1_35' title='bbox 750 1466 994 1529; x_wconf 87' lang='lat' dir='ltr'><strong>festum</strong></span> <span class='ocrx_word' id='word_1_36' title='bbox 1072 1466 1298 1533; x_wconf 85' lang='lat' dir='ltr'><strong>Sancti</strong></span> <span class='ocrx_word' id='word_1_37' title='bbox 1376 1464 1719 1533; x_wconf 77' lang='lat' dir='ltr'><strong>Michaelis</strong></span> <span class='ocrx_word' id='word_1_38' title='bbox 1802 1453 2217 1551; x_wconf 65' lang='lat' dir='ltr'><strong>Archangeli,</strong></span> <span class='ocrx_word' id='word_1_39' title='bbox 2295 1464 2494 1532; x_wconf 87' lang='lat' dir='ltr'><strong>Anno</strong></span> <span class='ocrx_word' id='word_1_40' title='bbox 2577 1463 2850 1531; x_wconf 87' lang='lat' dir='ltr'>Domini</span> 
     </span>
     <span class='ocr_line' id='line_1_7' title="bbox 751 1565 2850 1649; baseline 0.001 -19"><span class='ocrx_word' id='word_1_41' title='bbox 751 1565 1098 1633; x_wconf 88' lang='lat' dir='ltr'><strong>Millesimo</strong></span> <span class='ocrx_word' id='word_1_42' title='bbox 1160 1567 1648 1649; x_wconf 87' lang='lat' dir='ltr'><strong>trescentesimo</strong></span> <span class='ocrx_word' id='word_1_43' title='bbox 1715 1566 2172 1645; x_wconf 82' lang='lat' dir='ltr'><strong>sextodecimO,</strong></span> <span class='ocrx_word' id='word_1_44' title='bbox 2220 1568 2427 1634; x_wconf 88' lang='lat' dir='ltr'><strong>condo</strong></span> <span class='ocrx_word' id='word_1_45' title='bbox 2495 1572 2850 1634; x_wconf 86' lang='lat' dir='ltr'><strong>testamen-</strong></span> 
     </span>
     <span class='ocr_line' id='line_1_8' title="bbox 748 1668 2849 1756; baseline 0 -24"><span class='ocrx_word' id='word_1_46' title='bbox 748 1673 895 1732; x_wconf 91' lang='lat' dir='ltr'><strong>tum</strong></span> <span class='ocrx_word' id='word_1_47' title='bbox 948 1692 1168 1735; x_wconf 91' lang='lat' dir='ltr'><strong>meum</strong></span> <span class='ocrx_word' id='word_1_48' title='bbox 1214 1671 1286 1734; x_wconf 92' lang='lat' dir='ltr'><strong>in</strong></span> <span class='ocrx_word' id='word_1_49' title='bbox 1331 1670 1509 1736; x_wconf 92' lang='lat' dir='ltr'><strong>hunc</strong></span> <span class='ocrx_word' id='word_1_50' title='bbox 1568 1669 1851 1736; x_wconf 91' lang='lat' dir='ltr'><strong>modum.</strong></span> <span class='ocrx_word' id='word_1_51' title='bbox 1946 1668 2031 1733; x_wconf 91' lang='lat' dir='ltr'><strong>In</strong></span> <span class='ocrx_word' id='word_1_52' title='bbox 2074 1669 2321 1756; x_wconf 89' lang='lat' dir='ltr'><strong>primis,</strong></span> <span class='ocrx_word' id='word_1_53' title='bbox 2367 1668 2513 1756; x_wconf 87' lang='lat' dir='ltr'><strong>lego</strong></span> <span class='ocrx_word' id='word_1_54' title='bbox 2557 1671 2849 1736; x_wconf 89' lang='lat' dir='ltr'><strong>animam</strong></span> 
     </span>
     <span class='ocr_line' id='line_1_9' title="bbox 749 1771 2848 1840; baseline 0 -4"><span class='ocrx_word' id='word_1_55' title='bbox 749 1793 963 1838; x_wconf 89' lang='lat' dir='ltr'><strong>meam</strong></span> <span class='ocrx_word' id='word_1_56' title='bbox 1007 1772 1151 1839; x_wconf 87' lang='lat' dir='ltr'><strong>Deo</strong></span> <span class='ocrx_word' id='word_1_57' title='bbox 1196 1779 1265 1839; x_wconf 90' lang='lat' dir='ltr'><strong>et</strong></span> <span class='ocrx_word' id='word_1_58' title='bbox 1308 1773 1522 1839; x_wconf 85' lang='lat' dir='ltr'><strong>beatae</strong></span> <span class='ocrx_word' id='word_1_59' title='bbox 1568 1771 1801 1838; x_wconf 70' lang='lat' dir='ltr'><strong>Mariae</strong></span> <span class='ocrx_word' id='word_1_60' title='bbox 1847 1777 1917 1837; x_wconf 94' lang='lat' dir='ltr'><strong>et</strong></span> <span class='ocrx_word' id='word_1_61' title='bbox 1960 1772 2268 1838; x_wconf 88' lang='lat' dir='ltr'><strong>omnibus</strong></span> <span class='ocrx_word' id='word_1_62' title='bbox 2321 1774 2579 1840; x_wconf 89' lang='lat' dir='ltr'><strong>sanctis.</strong></span> <span class='ocrx_word' id='word_1_63' title='bbox 2675 1772 2848 1840; x_wconf 92' lang='lat' dir='ltr'><strong>Item</strong></span> 
     </span>
     <span class='ocr_line' id='line_1_10' title="bbox 748 1872 2849 1961; baseline 0.001 -25"><span class='ocrx_word' id='word_1_64' title='bbox 748 1872 896 1959; x_wconf 88' lang='lat' dir='ltr'><strong>lego</strong></span> <span class='ocrx_word' id='word_1_65' title='bbox 941 1895 1174 1961; x_wconf 89' lang='lat' dir='ltr'><strong>corpus</strong></span> <span class='ocrx_word' id='word_1_66' title='bbox 1218 1897 1439 1941; x_wconf 90' lang='lat' dir='ltr'><strong>meum</strong></span> <span class='ocrx_word' id='word_1_67' title='bbox 1471 1874 1924 1961; x_wconf 89' lang='lat' dir='ltr'><strong>sepeliendum</strong></span> <span class='ocrx_word' id='word_1_68' title='bbox 1968 1874 2042 1938; x_wconf 91' lang='lat' dir='ltr'><strong>in</strong></span> <span class='ocrx_word' id='word_1_69' title='bbox 2072 1873 2363 1960; x_wconf 84' lang='lat' dir='ltr'><strong>capitulo</strong></span> <span class='ocrx_word' id='word_1_70' title='bbox 2393 1873 2849 1950; x_wconf 88' lang='lat' dir='ltr'><strong>Dunelmensi‚</strong></span> 
     </span>
     <span class='ocr_line' id='line_1_11' title="bbox 750 1974 2849 2062; baseline 0 -24"><span class='ocrx_word' id='word_1_71' title='bbox 750 1997 949 2059; x_wconf 91' lang='lat' dir='ltr'><strong>supra</strong></span> <span class='ocrx_word' id='word_1_72' title='bbox 1008 1976 1265 2062; x_wconf 84' lang='lat' dir='ltr'><strong>gradus.</strong></span> <span class='ocrx_word' id='word_1_73' title='bbox 1359 1976 1533 2041; x_wconf 92' lang='lat' dir='ltr'><strong>Item</strong></span> <span class='ocrx_word' id='word_1_74' title='bbox 1577 1976 1724 2062; x_wconf 86' lang='lat' dir='ltr'><strong>lego</strong></span> <span class='ocrx_word' id='word_1_75' title='bbox 1787 1975 1953 2040; x_wconf 88' lang='lat' dir='ltr'><strong>duos</strong></span> <span class='ocrx_word' id='word_1_76' title='bbox 2006 1974 2357 2060; x_wconf 80' lang='lat' dir='ltr'><strong>palefridos</strong></span> <span class='ocrx_word' id='word_1_77' title='bbox 2424 1996 2618 2053; x_wconf 76' lang='lat' dir='ltr'><strong>meOS,</strong></span> <span class='ocrx_word' id='word_1_78' title='bbox 2666 1974 2849 2038; x_wconf 84' lang='lat' dir='ltr'><strong>vide-</strong></span> 
     </span>
     <span class='ocr_line' id='line_1_12' title="bbox 748 2076 2850 2164; baseline 0 -25"><span class='ocrx_word' id='word_1_79' title='bbox 748 2076 905 2142; x_wconf 89' lang='lat' dir='ltr'><strong>licet</strong></span> <span class='ocrx_word' id='word_1_80' title='bbox 947 2077 1212 2164; x_wconf 85' lang='lat' dir='ltr'><strong>nigrum</strong></span> <span class='ocrx_word' id='word_1_81' title='bbox 1258 2077 1651 2164; x_wconf 83' lang='lat' dir='ltr'><strong>palefridum</strong></span> <span class='ocrx_word' id='word_1_82' title='bbox 1697 2082 1766 2142; x_wconf 90' lang='lat' dir='ltr'><strong>et</strong></span> <span class='ocrx_word' id='word_1_83' title='bbox 1811 2077 2130 2142; x_wconf 81' lang='lat' dir='ltr'><strong>minorem</strong></span> <span class='ocrx_word' id='word_1_84' title='bbox 2178 2076 2410 2163; x_wconf 87' lang='lat' dir='ltr'><strong>grisur&#39;</strong></span> <span class='ocrx_word' id='word_1_85' title='bbox 2456 2076 2850 2164; x_wconf 77' lang='lat' dir='ltr'><strong>palefridum</strong></span> 
     </span>
     <span class='ocr_line' id='line_1_13' title="bbox 748 2177 2847 2265; baseline 0 -25"><span class='ocrx_word' id='word_1_86' title='bbox 748 2198 969 2242; x_wconf 88' lang='lat' dir='ltr'><strong>meum</strong></span> <span class='ocrx_word' id='word_1_87' title='bbox 1045 2177 1331 2245; x_wconf 74' lang='lat' dir='ltr'><strong>ecclesiae</strong></span> <span class='ocrx_word' id='word_1_88' title='bbox 1394 2178 1828 2244; x_wconf 88' lang='lat' dir='ltr'><strong>Dunelmensi</strong></span> <span class='ocrx_word' id='word_1_89' title='bbox 1898 2183 2054 2242; x_wconf 89' lang='lat' dir='ltr'><strong>ante</strong></span> <span class='ocrx_word' id='word_1_90' title='bbox 2128 2177 2537 2265; x_wconf 72' lang='lat' dir='ltr'><strong>sepulturam</strong></span> <span class='ocrx_word' id='word_1_91' title='bbox 2617 2198 2847 2242; x_wconf 82' lang='lat' dir='ltr'><strong>meam,</strong></span> 
     </span>
     <span class='ocr_line' id='line_1_14' title="bbox 752 2272 2848 2373; baseline 0.001 -31"><span class='ocrx_word' id='word_1_92' title='bbox 752 2280 923 2344; x_wconf 89' lang='lat' dir='ltr'><strong>Item</strong></span> <span class='ocrx_word' id='word_1_93' title='bbox 953 2280 1100 2366; x_wconf 87' lang='lat' dir='ltr'><strong>lego</strong></span> <span class='ocrx_word' id='word_1_94' title='bbox 1128 2280 1527 2367; x_wconf 79' lang='lat' dir='ltr'><strong>pauperibus</strong></span> <span class='ocrx_word' id='word_1_95' title='bbox 1558 2280 1664 2345; x_wconf 89' lang='lat' dir='ltr'><strong>die</strong></span> <span class='ocrx_word' id='word_1_96' title='bbox 1695 2272 2054 2373; x_wconf 72' lang='lat' dir='ltr'><strong>sepulturae</strong></span> <span class='ocrx_word' id='word_1_97' title='bbox 2083 2300 2248 2345; x_wconf 83' lang='lat' dir='ltr'><strong>meae</strong></span> <span class='ocrx_word' id='word_1_98' title='bbox 2285 2285 2552 2346; x_wconf 85' lang='lat' dir='ltr'><strong>centum</strong></span> <span class='ocrx_word' id='word_1_99' title='bbox 2583 2300 2848 2347; x_wconf 71' lang='lat' dir='ltr'><strong>marcas</strong></span> 
     </span>
     <span class='ocr_line' id='line_1_15' title="bbox 752 2381 2850 2470; baseline 0.002 -26"><span class='ocrx_word' id='word_1_100' title='bbox 752 2382 925 2447; x_wconf 88' lang='lat' dir='ltr'><strong>Item</strong></span> <span class='ocrx_word' id='word_1_101' title='bbox 993 2381 1138 2468; x_wconf 86' lang='lat' dir='ltr'><strong>lego</strong></span> <span class='ocrx_word' id='word_1_102' title='bbox 1207 2382 1556 2468; x_wconf 85' lang='lat' dir='ltr'><strong>sexaginta</strong></span> <span class='ocrx_word' id='word_1_103' title='bbox 1599 2381 1802 2461; x_wconf 82' lang='lat' dir='ltr'><strong>libras</strong></span> <span class='ocrx_word' id='word_1_104' title='bbox 1866 2402 2029 2448; x_wconf 85' lang='lat' dir='ltr'><strong>cerae</strong></span> <span class='ocrx_word' id='word_1_105' title='bbox 2074 2381 2161 2446; x_wconf 88' lang='lat' dir='ltr'><strong>ad</strong></span> <span class='ocrx_word' id='word_1_106' title='bbox 2222 2382 2571 2470; x_wconf 83' lang='lat' dir='ltr'><strong>sexaginta</strong></span> <span class='ocrx_word' id='word_1_107' title='bbox 2635 2403 2850 2449; x_wconf 86' lang='lat' dir='ltr'><strong>cereos</strong></span> 
     </span>
     <span class='ocr_line' id='line_1_16' title="bbox 748 2479 2853 2568; baseline 0.001 -23"><span class='ocrx_word' id='word_1_108' title='bbox 748 2483 1121 2549; x_wconf 86' lang='lat' dir='ltr'><strong>faciendum</strong></span> <span class='ocrx_word' id='word_1_109' title='bbox 1184 2482 1355 2550; x_wconf 89' lang='lat' dir='ltr'><strong>circa</strong></span> <span class='ocrx_word' id='word_1_110' title='bbox 1396 2483 1597 2547; x_wconf 81' lang='lat' dir='ltr'><strong>fimus</strong></span> <span class='ocrx_word' id='word_1_111' title='bbox 1640 2504 1878 2548; x_wconf 90' lang='lat' dir='ltr'><strong>meum.</strong></span> <span class='ocrx_word' id='word_1_112' title='bbox 1973 2479 2146 2547; x_wconf 91' lang='lat' dir='ltr'><strong>Item</strong></span> <span class='ocrx_word' id='word_1_113' title='bbox 2193 2484 2353 2568; x_wconf 86' lang='lat' dir='ltr'><strong>quia</strong></span> <span class='ocrx_word' id='word_1_114' title='bbox 2412 2482 2636 2549; x_wconf 88' lang='lat' dir='ltr'><strong>omnia</strong></span> <span class='ocrx_word' id='word_1_115' title='bbox 2677 2483 2853 2548; x_wconf 91' lang='lat' dir='ltr'><strong>bona</strong></span> 
     </span>
     <span class='ocr_line' id='line_1_17' title="bbox 750 2583 2850 2671; baseline 0 -22"><span class='ocrx_word' id='word_1_116' title='bbox 750 2607 898 2651; x_wconf 85' lang='lat' dir='ltr'><strong>mea</strong></span> <span class='ocrx_word' id='word_1_117' title='bbox 927 2586 1008 2650; x_wconf 93' lang='lat' dir='ltr'><strong>de</strong></span> <span class='ocrx_word' id='word_1_118' title='bbox 1040 2585 1280 2671; x_wconf 88' lang='lat' dir='ltr'><strong>quibus</strong></span> <span class='ocrx_word' id='word_1_119' title='bbox 1309 2585 1429 2650; x_wconf 92' lang='lat' dir='ltr'><strong>fiet</strong></span> <span class='ocrx_word' id='word_1_120' title='bbox 1458 2584 1920 2650; x_wconf 82' lang='lat' dir='ltr'><strong>Inventarium</strong></span> <span class='ocrx_word' id='word_1_121' title='bbox 1950 2583 2168 2650; x_wconf 90' lang='lat' dir='ltr'><strong>adhuc</strong></span> <span class='ocrx_word' id='word_1_122' title='bbox 2196 2583 2363 2648; x_wconf 89' lang='grc'>1111111</span> <span class='ocrx_word' id='word_1_123' title='bbox 2394 2591 2554 2650; x_wconf 89' lang='lat' dir='ltr'><strong>sunt</strong></span> <span class='ocrx_word' id='word_1_124' title='bbox 2582 2585 2850 2661; x_wconf 83' lang='lat' dir='ltr'><strong>incerta,</strong></span> 
     </span>
     <span class='ocr_line' id='line_1_18' title="bbox 753 2684 2852 2772; baseline 0 -23"><span class='ocrx_word' id='word_1_125' title='bbox 753 2688 915 2752; x_wconf 90' lang='lat' dir='ltr'><strong>item</strong></span> <span class='ocrx_word' id='word_1_126' title='bbox 962 2687 1120 2772; x_wconf 89' lang='lat' dir='ltr'><strong>quia</strong></span> <span class='ocrx_word' id='word_1_127' title='bbox 1166 2686 1406 2764; x_wconf 78' lang='lat' dir='ltr'><strong>debita,</strong></span> <span class='ocrx_word' id='word_1_128' title='bbox 1455 2708 1603 2771; x_wconf 81' lang='lat' dir='ltr'><strong>quae</strong></span> <span class='ocrx_word' id='word_1_129' title='bbox 1647 2685 1815 2749; x_wconf 90' lang='lat' dir='ltr'><strong>mihi</strong></span> <span class='ocrx_word' id='word_1_130' title='bbox 1862 2684 2202 2763; x_wconf 88' lang='lat' dir='ltr'><strong>debentur,</strong></span> <span class='ocrx_word' id='word_1_131' title='bbox 2249 2685 2469 2752; x_wconf 89' lang='lat' dir='ltr'><strong>adhuc</strong></span> <span class='ocrx_word' id='word_1_132' title='bbox 2511 2707 2649 2751; x_wconf 87' lang='lat' dir='ltr'><strong>non</strong></span> <span class='ocrx_word' id='word_1_133' title='bbox 2694 2691 2852 2750; x_wconf 84' lang='lat' dir='ltr'><strong>sunt</strong></span> 
     </span>
     <span class='ocr_line' id='line_1_19' title="bbox 753 2786 2853 2874; baseline -0 -20"><span class='ocrx_word' id='word_1_134' title='bbox 753 2794 932 2855; x_wconf 89' lang='lat' dir='ltr'><strong>certa</strong></span> <span class='ocrx_word' id='word_1_135' title='bbox 975 2809 1090 2853; x_wconf 88' lang='lat' dir='ltr'><strong>seu</strong></span> <span class='ocrx_word' id='word_1_136' title='bbox 1126 2786 1643 2866; x_wconf 88' lang='lat' dir='ltr'><strong>determinanda,</strong></span> <span class='ocrx_word' id='word_1_137' title='bbox 1691 2792 1761 2852; x_wconf 93' lang='lat' dir='ltr'><strong>et</strong></span> <span class='ocrx_word' id='word_1_138' title='bbox 1790 2787 1995 2852; x_wconf 86' lang='lat' dir='ltr'><strong>etiam</strong></span> <span class='ocrx_word' id='word_1_139' title='bbox 2043 2786 2285 2864; x_wconf 89' lang='lat' dir='ltr'><strong>debita,</strong></span> <span class='ocrx_word' id='word_1_140' title='bbox 2320 2807 2466 2872; x_wconf 87' lang='lat' dir='ltr'><strong>quae</strong></span> <span class='ocrx_word' id='word_1_141' title='bbox 2498 2809 2618 2874; x_wconf 87' lang='lat' dir='ltr'><strong>ego</strong></span> <span class='ocrx_word' id='word_1_142' title='bbox 2649 2787 2853 2853; x_wconf 89' lang='lat' dir='ltr'><strong>debeo</strong></span> 
     </span>
     <span class='ocr_line' id='line_1_20' title="bbox 748 2874 2850 2975; baseline 0 -20"><span class='ocrx_word' id='word_1_143' title='bbox 748 2874 952 2956; x_wconf 83' lang='lat' dir='ltr'><strong>variis</strong></span> <span class='ocrx_word' id='word_1_144' title='bbox 983 2889 1415 2956; x_wconf 89' lang='lat' dir='ltr'><strong>creditoribus</strong></span> <span class='ocrx_word' id='word_1_145' title='bbox 1461 2889 1643 2967; x_wconf 91' lang='lat' dir='ltr'><strong>meis,</strong></span> <span class='ocrx_word' id='word_1_146' title='bbox 1673 2910 1810 2954; x_wconf 91' lang='lat' dir='ltr'><strong>non</strong></span> <span class='ocrx_word' id='word_1_147' title='bbox 1842 2893 2001 2953; x_wconf 89' lang='lat' dir='ltr'><strong>sunt</strong></span> <span class='ocrx_word' id='word_1_148' title='bbox 2030 2888 2221 2975; x_wconf 89' lang='lat' dir='ltr'><strong>plene</strong></span> <span class='ocrx_word' id='word_1_149' title='bbox 2251 2888 2470 2955; x_wconf 89' lang='lat' dir='ltr'><strong>adhuc</strong></span> <span class='ocrx_word' id='word_1_150' title='bbox 2512 2888 2850 2968; x_wconf 74' lang='lat' dir='ltr'><strong>calculata,</strong></span> 
     </span>
     <span class='ocr_line' id='line_1_21' title="bbox 751 2992 2854 3080; baseline 0 -22"><span class='ocrx_word' id='word_1_151' title='bbox 751 2994 898 3059; x_wconf 91' lang='lat' dir='ltr'><strong>ideo</strong></span> <span class='ocrx_word' id='word_1_152' title='bbox 943 2994 1243 3080; x_wconf 88' lang='lat' dir='ltr'><strong>relinquo</strong></span> <span class='ocrx_word' id='word_1_153' title='bbox 1288 2992 1512 3059; x_wconf 85' lang='lat' dir='ltr'><strong>omnia</strong></span> <span class='ocrx_word' id='word_1_154' title='bbox 1563 2993 1738 3058; x_wconf 86' lang='lat' dir='ltr'><strong>bona</strong></span> <span class='ocrx_word' id='word_1_155' title='bbox 1780 3013 1932 3058; x_wconf 90' lang='lat' dir='ltr'><strong>mea</strong></span> <span class='ocrx_word' id='word_1_156' title='bbox 1975 2992 2243 3059; x_wconf 88' lang='lat' dir='ltr'><strong>residua</strong></span> <span class='ocrx_word' id='word_1_157' title='bbox 2295 2992 2675 3070; x_wconf 85' lang='lat' dir='ltr'><strong>ordinanda,</strong></span> <span class='ocrx_word' id='word_1_158' title='bbox 2722 2993 2854 3058; x_wconf 93' lang='lat' dir='ltr'><strong>dis-</strong></span> 
     </span>
     <span class='ocr_line' id='line_1_22' title="bbox 749 3092 2854 3179; baseline 0 -21"><span class='ocrx_word' id='word_1_159' title='bbox 749 3094 1118 3173; x_wconf 84' lang='lat' dir='ltr'><strong>tribuenda,</strong></span> <span class='ocrx_word' id='word_1_160' title='bbox 1166 3093 1495 3172; x_wconf 86' lang='lat' dir='ltr'><strong>solvenda,</strong></span> <span class='ocrx_word' id='word_1_161' title='bbox 1541 3092 1941 3171; x_wconf 87' lang='lat' dir='ltr'><strong>calculanda,</strong></span> <span class='ocrx_word' id='word_1_162' title='bbox 1989 3093 2448 3179; x_wconf 87' lang='lat' dir='ltr'><strong>computanda,</strong></span> <span class='ocrx_word' id='word_1_163' title='bbox 2496 3095 2854 3160; x_wconf 88' lang='lat' dir='ltr'><strong>secundum</strong></span> 
     </span>
     <span class='ocr_line' id='line_1_23' title="bbox 747 3197 2856 3264; baseline -0 0"><span class='ocrx_word' id='word_1_164' title='bbox 747 3198 1099 3264; x_wconf 86' lang='lat' dir='ltr'><strong>arbitrium</strong></span> <span class='ocrx_word' id='word_1_165' title='bbox 1179 3202 1249 3263; x_wconf 94' lang='lat' dir='ltr'><strong>et</strong></span> <span class='ocrx_word' id='word_1_166' title='bbox 1311 3197 1769 3263; x_wconf 76' lang='lat' dir='ltr'><strong>discretionem</strong></span> <span class='ocrx_word' id='word_1_167' title='bbox 1842 3201 2271 3262; x_wconf 84' lang='lat' dir='ltr'><strong>executorum</strong></span> <span class='ocrx_word' id='word_1_168' title='bbox 2333 3217 2629 3262; x_wconf 86' lang='lat' dir='ltr'><strong>meorum</strong></span> <span class='ocrx_word' id='word_1_169' title='bbox 2703 3198 2856 3263; x_wconf 83' lang='lat' dir='ltr'><strong>sub-</strong></span> 
     </span>
     <span class='ocr_line' id='line_1_24' title="bbox 753 3298 2859 3386; baseline 0.001 -22"><span class='ocrx_word' id='word_1_170' title='bbox 753 3301 1161 3386; x_wconf 90' lang='lat' dir='ltr'><strong>scriptorum,</strong></span> <span class='ocrx_word' id='word_1_171' title='bbox 1195 3321 1360 3385; x_wconf 90' lang='lat' dir='ltr'><strong>quos</strong></span> <span class='ocrx_word' id='word_1_172' title='bbox 1405 3298 1780 3386; x_wconf 88' lang='lat' dir='ltr'><strong>specialiter</strong></span> <span class='ocrx_word' id='word_1_173' title='bbox 1812 3298 2082 3365; x_wconf 87' lang='lat' dir='ltr'><strong>nomino</strong></span> <span class='ocrx_word' id='word_1_174' title='bbox 2129 3303 2199 3363; x_wconf 91' lang='lat' dir='ltr'><strong>et</strong></span> <span class='ocrx_word' id='word_1_175' title='bbox 2241 3298 2518 3385; x_wconf 86' lang='lat' dir='ltr'><strong>assigno,</strong></span> <span class='ocrx_word' id='word_1_176' title='bbox 2551 3299 2859 3367; x_wconf 88' lang='lat' dir='ltr'><strong>videlicet</strong></span> 
     </span>
     <span class='ocr_line' id='line_1_25' title="bbox 751 3398 2855 3488; baseline 0 -23"><span class='ocrx_word' id='word_1_177' title='bbox 751 3423 1134 3488; x_wconf 85' lang='lat' dir='ltr'><strong>germanum</strong></span> <span class='ocrx_word' id='word_1_178' title='bbox 1208 3422 1430 3466; x_wconf 90' lang='lat' dir='ltr'><strong>meum</strong></span> <span class='ocrx_word' id='word_1_179' title='bbox 1506 3399 1869 3466; x_wconf 88' lang='lat' dir='ltr'><strong>Patricium</strong></span> <span class='ocrx_word' id='word_1_180' title='bbox 1946 3399 2028 3464; x_wconf 90' lang='grc'><strong>(10</strong></span> <span class='ocrx_word' id='word_1_181' title='bbox 2103 3398 2417 3477; x_wconf 82' lang='lat' dir='ltr'><strong>Kellawe,</strong></span> <span class='ocrx_word' id='word_1_182' title='bbox 2494 3398 2855 3466; x_wconf 90' lang='lat' dir='ltr'><strong>Dominum</strong></span> 
     </span>
     <span class='ocr_line' id='line_1_26' title="bbox 753 3492 2854 3590; baseline 0 -23"><span class='ocrx_word' id='word_1_183' title='bbox 753 3504 1073 3570; x_wconf 89' lang='lat' dir='ltr'><strong>Thomam</strong></span> <span class='ocrx_word' id='word_1_184' title='bbox 1104 3503 1187 3568; x_wconf 93' lang='lat' dir='ltr'><strong>de</strong></span> <span class='ocrx_word' id='word_1_185' title='bbox 1232 3502 1595 3569; x_wconf 84' lang='lat' dir='ltr'><strong>Hessewell</strong></span> <span class='ocrx_word' id='word_1_186' title='bbox 1631 3502 1978 3568; x_wconf 88' lang='lat' dir='ltr'><strong>Rectorem</strong></span> <span class='ocrx_word' id='word_1_187' title='bbox 2026 3501 2332 3567; x_wconf 72' lang='lat' dir='ltr'><strong>Ecclesiae</strong></span> <span class='ocrx_word' id='word_1_188' title='bbox 2378 3501 2461 3567; x_wconf 90' lang='lat' dir='ltr'><strong>de</strong></span> <span class='ocrx_word' id='word_1_189' title='bbox 2493 3492 2854 3590; x_wconf 84' lang='lat' dir='ltr'><strong>Seggefeld,</strong></span> 
     </span>
     <span class='ocr_line' id='line_1_27' title="bbox 751 3602 2855 3691; baseline 0 -21"><span class='ocrx_word' id='word_1_190' title='bbox 751 3606 1114 3672; x_wconf 88' lang='lat' dir='ltr'><strong>Dominum</strong></span> <span class='ocrx_word' id='word_1_191' title='bbox 1145 3605 1510 3671; x_wconf 84' lang='lat' dir='ltr'><strong>Robertum</strong></span> <span class='ocrx_word' id='word_1_192' title='bbox 1556 3605 1638 3670; x_wconf 92' lang='grc'><strong>(10</strong></span> <span class='ocrx_word' id='word_1_193' title='bbox 1683 3604 2056 3691; x_wconf 89' lang='lat' dir='ltr'><strong>Brumpton</strong></span> <span class='ocrx_word' id='word_1_194' title='bbox 2085 3602 2613 3690; x_wconf 72' lang='lat' dir='ltr'><strong>praebendarium</strong></span> <span class='ocrx_word' id='word_1_195' title='bbox 2659 3606 2855 3672; x_wconf 90' lang='lat' dir='ltr'><strong>eccle-</strong></span> 
     </span>
     <span class='ocr_line' id='line_1_28' title="bbox 753 3704 2856 3792; baseline 0.002 -22"><span class='ocrx_word' id='word_1_196' title='bbox 753 3707 868 3772; x_wconf 85' lang='lat' dir='ltr'><strong>siae</strong></span> <span class='ocrx_word' id='word_1_197' title='bbox 914 3708 1015 3775; x_wconf 82' lang='lat' dir='ltr'><strong>de.</strong></span> <span class='ocrx_word' id='word_1_198' title='bbox 1038 3706 1359 3772; x_wconf 86' lang='lat' dir='ltr'><strong>Aukland</strong></span> <span class='ocrx_word' id='word_1_199' title='bbox 1403 3712 1472 3772; x_wconf 88' lang='lat' dir='ltr'><strong>et</strong></span> <span class='ocrx_word' id='word_1_200' title='bbox 1515 3705 1879 3771; x_wconf 90' lang='lat' dir='ltr'><strong>Dominum</strong></span> <span class='ocrx_word' id='word_1_201' title='bbox 1910 3704 2242 3792; x_wconf 87' lang='lat' dir='ltr'><strong>Rogerum</strong></span> <span class='ocrx_word' id='word_1_202' title='bbox 2288 3705 2373 3770; x_wconf 90' lang='lat' dir='ltr'><strong>de</strong></span> <span class='ocrx_word' id='word_1_203' title='bbox 2420 3705 2676 3772; x_wconf 82' lang='lat' dir='ltr'><strong>Saxton</strong></span> <span class='ocrx_word' id='word_1_204' title='bbox 2719 3727 2856 3775; x_wconf 87' lang='lat' dir='ltr'><strong>rec-</strong></span> 
     </span>
     <span class='ocr_line' id='line_1_29' title="bbox 752 3796 2855 3886; baseline 0 -12"><span class='ocrx_word' id='word_1_205' title='bbox 752 3816 964 3875; x_wconf 89' lang='lat' dir='ltr'><strong>torem</strong></span> <span class='ocrx_word' id='word_1_206' title='bbox 1008 3808 1292 3876; x_wconf 85' lang='lat' dir='ltr'><strong>ecclesiae</strong></span> <span class='ocrx_word' id='word_1_207' title='bbox 1335 3796 1419 3874; x_wconf 83' lang='lat' dir='ltr'><strong>de</strong></span> <span class='ocrx_word' id='word_1_208' title='bbox 1463 3807 1804 3886; x_wconf 83' lang='lat' dir='ltr'><strong>Aberford,</strong></span> <span class='ocrx_word' id='word_1_209' title='bbox 1850 3812 2070 3874; x_wconf 81' lang='lat' dir='ltr'><strong>ratum</strong></span> <span class='ocrx_word' id='word_1_210' title='bbox 2114 3806 2364 3873; x_wconf 88' lang='lat' dir='ltr'><strong>habens</strong></span> <span class='ocrx_word' id='word_1_211' title='bbox 2394 3813 2463 3872; x_wconf 89' lang='lat' dir='ltr'><strong>et</strong></span> <span class='ocrx_word' id='word_1_212' title='bbox 2505 3807 2855 3874; x_wconf 89' lang='lat' dir='ltr'><strong>habiturus</strong></span> 
     </span>
     <span class='ocr_line' id='line_1_30' title="bbox 754 3909 2853 3998; baseline 0 -22"><span class='ocrx_word' id='word_1_213' title='bbox 754 3910 1068 3998; x_wconf 89' lang='lat' dir='ltr'><strong>quicquid</strong></span> <span class='ocrx_word' id='word_1_214' title='bbox 1111 3910 1313 3976; x_wconf 91' lang='lat' dir='ltr'><strong>iidem</strong></span> <span class='ocrx_word' id='word_1_215' title='bbox 1359 3915 1740 3976; x_wconf 85' lang='lat' dir='ltr'><strong>executores</strong></span> <span class='ocrx_word' id='word_1_216' title='bbox 1784 3909 1917 3975; x_wconf 89' lang='lat' dir='ltr'><strong>mei</strong></span> <span class='ocrx_word' id='word_1_217' title='bbox 1965 3909 2047 3974; x_wconf 91' lang='lat' dir='ltr'><strong>de</strong></span> <span class='ocrx_word' id='word_1_218' title='bbox 2090 3909 2281 3974; x_wconf 88' lang='lat' dir='ltr'><strong>bonis</strong></span> <span class='ocrx_word' id='word_1_219' title='bbox 2324 3909 2489 3974; x_wconf 89' lang='lat' dir='ltr'><strong>meis</strong></span> <span class='ocrx_word' id='word_1_220' title='bbox 2541 3910 2853 3997; x_wconf 86' lang='lat' dir='ltr'><strong>predictis</strong></span> 
     </span>
     <span class='ocr_line' id='line_1_31' title="bbox 751 4011 2853 4100; baseline 0.001 -21"><span class='ocrx_word' id='word_1_221' title='bbox 751 4035 870 4100; x_wconf 88' lang='lat' dir='ltr'><strong>pro</strong></span> <span class='ocrx_word' id='word_1_222' title='bbox 916 4013 1129 4079; x_wconf 85' lang='lat' dir='ltr'><strong>salute</strong></span> <span class='ocrx_word' id='word_1_223' title='bbox 1173 4013 1415 4079; x_wconf 85' lang='lat' dir='ltr'><strong>animae</strong></span> <span class='ocrx_word' id='word_1_224' title='bbox 1444 4034 1608 4078; x_wconf 83' lang='grc' dir='ltr'>1110εο</span> <span class='ocrx_word' id='word_1_225' title='bbox 1654 4011 2117 4098; x_wconf 87' lang='lat' dir='ltr'><strong>disposuerint,</strong></span> <span class='ocrx_word' id='word_1_226' title='bbox 2149 4017 2217 4078; x_wconf 91' lang='lat' dir='ltr'><strong>et</strong></span> <span class='ocrx_word' id='word_1_227' title='bbox 2261 4013 2619 4079; x_wconf 87' lang='lat' dir='ltr'><strong>secundum</strong></span> <span class='ocrx_word' id='word_1_228' title='bbox 2666 4035 2853 4081; x_wconf 87' lang='lat' dir='ltr'><strong>suam</strong></span> 
     </span>
     <span class='ocr_line' id='line_1_32' title="bbox 752 4104 2851 4191; baseline 0 -9"><span class='ocrx_word' id='word_1_229' title='bbox 752 4115 1210 4184; x_wconf 90' lang='lat' dir='ltr'><strong>discretionem</strong></span> <span class='ocrx_word' id='word_1_230' title='bbox 1278 4104 1747 4191; x_wconf 48' lang='lat' dir='ltr'><strong>ordmauerint,</strong></span> <span class='ocrx_word' id='word_1_231' title='bbox 1804 4113 2162 4180; x_wconf 88' lang='lat' dir='ltr'><strong>secundum</strong></span> <span class='ocrx_word' id='word_1_232' title='bbox 2224 4111 2354 4178; x_wconf 90' lang='lat' dir='ltr'><strong>Dei</strong></span> <span class='ocrx_word' id='word_1_233' title='bbox 2421 4113 2851 4182; x_wconf 87' lang='lat' dir='ltr'><strong>voluntatem.</strong></span> 
     </span>
     <span class='ocr_line' id='line_1_33' title="bbox 752 4214 2852 4305; baseline -0 -21"><span class='ocrx_word' id='word_1_234' title='bbox 752 4220 837 4284; x_wconf 90' lang='lat' dir='ltr'><strong>In</strong></span> <span class='ocrx_word' id='word_1_235' title='bbox 902 4217 1090 4305; x_wconf 85' lang='lat' dir='ltr'><strong>cujus</strong></span> <span class='ocrx_word' id='word_1_236' title='bbox 1164 4216 1260 4283; x_wconf 90' lang='lat' dir='ltr'><strong>rei</strong></span> <span class='ocrx_word' id='word_1_237' title='bbox 1322 4214 1779 4282; x_wconf 88' lang='lat' dir='ltr'><strong>testimonium</strong></span> <span class='ocrx_word' id='word_1_238' title='bbox 1846 4214 2138 4302; x_wconf 82' lang='lat' dir='ltr'><strong>sigillum</strong></span> <span class='ocrx_word' id='word_1_239' title='bbox 2213 4236 2433 4280; x_wconf 91' lang='lat' dir='ltr'><strong>meum</strong></span> <span class='ocrx_word' id='word_1_240' title='bbox 2502 4237 2639 4283; x_wconf 88' lang='lat' dir='ltr'><strong>una</strong></span> <span class='ocrx_word' id='word_1_241' title='bbox 2701 4237 2852 4285; x_wconf 90' lang='lat' dir='ltr'><strong>cum</strong></span> 
     </span>
     <span class='ocr_line' id='line_1_34' title="bbox 753 4315 2857 4408; baseline -0.001 -22"><span class='ocrx_word' id='word_1_242' title='bbox 753 4320 986 4408; x_wconf 86' lang='lat' dir='ltr'><strong>sigillis</strong></span> <span class='ocrx_word' id='word_1_243' title='bbox 1032 4320 1356 4387; x_wconf 90' lang='lat' dir='ltr'><strong>dictorum</strong></span> <span class='ocrx_word' id='word_1_244' title='bbox 1403 4324 1829 4387; x_wconf 86' lang='lat' dir='ltr'><strong>executorum</strong></span> <span class='ocrx_word' id='word_1_245' title='bbox 1892 4337 2188 4383; x_wconf 87' lang='lat' dir='ltr'><strong>meorum</strong></span> <span class='ocrx_word' id='word_1_246' title='bbox 2232 4315 2391 4384; x_wconf 87' lang='lat' dir='ltr'><strong>huic</strong></span> <span class='ocrx_word' id='word_1_247' title='bbox 2454 4321 2857 4385; x_wconf 87' lang='lat' dir='ltr'><strong>testamento</strong></span> 
     </span>
     <span class='ocr_line' id='line_1_35' title="bbox 753 4416 2539 4514; baseline -0.003 -27"><span class='ocrx_word' id='word_1_248' title='bbox 753 4427 855 4488; x_wconf 90' lang='lat' dir='ltr'><strong>est</strong></span> <span class='ocrx_word' id='word_1_249' title='bbox 894 4443 1274 4514; x_wconf 88' lang='lat' dir='ltr'><strong>appensum.</strong></span> <span class='ocrx_word' id='word_1_250' title='bbox 1371 4419 1586 4506; x_wconf 87' lang='lat' dir='ltr'><strong>[Prob.</strong></span> <span class='ocrx_word' id='word_1_251' title='bbox 1631 4419 1722 4486; x_wconf 78' lang='lat' dir='ltr'><strong>ix,</strong></span> <span class='ocrx_word' id='word_1_252' title='bbox 1769 4417 1901 4486; x_wconf 90' lang='lat' dir='ltr'><strong>kal.</strong></span> <span class='ocrx_word' id='word_1_253' title='bbox 1949 4418 1997 4483; x_wconf 88' lang='lat' dir='ltr'><strong>J</strong></span> <span class='ocrx_word' id='word_1_254' title='bbox 1997 4438 2099 4486; x_wconf 86' lang='lat' dir='ltr'><strong>an.</strong></span> <span class='ocrx_word' id='word_1_255' title='bbox 2147 4429 2236 4483; x_wconf 91' lang='lat' dir='ltr'><strong>a0.</strong></span> <span class='ocrx_word' id='word_1_256' title='bbox 2284 4419 2489 4505; x_wconf 71' lang='lat' dir='ltr'><strong>supn]</strong></span> <span class='ocrx_word' id='word_1_257' title='bbox 2518 4416 2539 4455; x_wconf 87' lang='lat'>¹</span> 
     </span>
    </p>
   </div>
   <div class='ocr_carea' id='block_1_4' title="bbox 1254 4616 2337 4681">
    <p class='ocr_par' dir='ltr' id='par_1_4' title="bbox 1254 4616 2337 4681">
     <span class='ocr_line' id='line_1_36' title="bbox 1254 4616 2337 4681; baseline 0.001 -12"><span class='ocrx_word' id='word_1_258' title='bbox 1254 4618 1271 4652; x_wconf 86' lang='lat'>¹</span> <span class='ocrx_word' id='word_1_259' title='bbox 1306 4621 1627 4671; x_wconf 75' lang='lat' dir='ltr'><strong>Testamenta</strong></span> <span class='ocrx_word' id='word_1_260' title='bbox 1649 4617 2010 4679; x_wconf 77' lang='lat' dir='ltr'><strong>Eboracensia,</strong></span> <span class='ocrx_word' id='word_1_261' title='bbox 2031 4617 2132 4668; x_wconf 74' lang='lat' dir='ltr'><strong>vol.</strong></span> <span class='ocrx_word' id='word_1_262' title='bbox 2157 4616 2191 4667; x_wconf 89' lang='lat' dir='ltr'><strong>i.</strong></span> <span class='ocrx_word' id='word_1_263' title='bbox 2215 4632 2262 4681; x_wconf 88' lang='lat' dir='ltr'><strong>p.</strong></span> <span class='ocrx_word' id='word_1_264' title='bbox 2295 4625 2337 4670; x_wconf 91' lang='lat'><strong>1.</strong></span> 
     </span>
    </p>
   </div>
  </div>
 </body>
</html>
