3592 5817
856 908 989 974 364
1211 922 1609 977 REGISTRUM
1656 922 2063 977 mmmm
2107 920 2597 975 mmmmm.

518 1114 824 1228 Aauniiffiz
856 1148 1227 1215 Aequieoenoia
1252 1151 1391 1201 mm
1544 1105 1894 1173 Universis
1958 1107 2047 1172 ad
2107 1126 2272 1193 quos
2330 1110 2684 1192 praesentoe
2742 1103 2956 1171 literae

518 1193 709 1275 t0⁰30hn
727 1232 787 1275 (ιο
854 1216 1086 1268 «Ῐοῑιαιιιιί
1142 1218 1206 1268 de
1248 1218 1389 1283 Lyn·
1454 1209 1894 1294 pervenerint,
1963 1208 2301 1286 Ricardus,
2369 1207 2796 1295 permissione
2855 1206 2956 1272 di-

519 1282 733 1334 lmiton’.
748 1281 799 1327 ln
857 1284 980 1334 ton’.
1508 1309 1523 1325 .
2107 1310 2122 1325 .
2322 1309 2337 1324 .

520 1333 769 1426 &pagg
861 1408 876 1423 ·
1158 1407 1174 1423 ⁶
1457 1329 1630 1389 vma,
1690 1308 2160 1377 Dunolmensis
2236 1329 2592 1396 eplscopus,
2667 1308 2954 1425 salutem

518 1430 787 1527 m
856 1428 931 1473 m
980 1407 1283 1475 Dommo.
1376 1410 1446 1476 N
1444 1411 1717 1479 overitis
1779 1432 1901 1477 nos
1962 1412 2310 1490 relaxasse,
2375 1416 2446 1476 et
2506 1429 2775 1476 ommno
2835 1430 2956 1497 pro

856 1509 1063 1588 nobis,
1124 1509 1499 1578 haeredibus
1578 1518 1648 1579 et
1712 1512 2175 1579 executoribus
2240 1511 2501 1589 nostris,
2568 1512 2958 1598 perdonasse

856 1608 1150 1676 ,Iohanni
1210 1611 1295 1677 de
1354 1612 1657 1699 Lynton’,
1702 1613 1952 1691 clerico,
1999 1634 2224 1679 omnes
2285 1618 2355 1678 et
2397 1612 2806 1678 omnimodas
2850 1632 2956 1678 ac-

856 1712 1085 1790 tiones,
1132 1713 1444 1799 querelas,
1474 1720 1545 1781 et
1586 1714 1958 1793 demandae,
1991 1736 2155 1801 quas
2199 1715 2534 1792 habemus,
2565 1714 2676 1780 vel
2717 1713 2958 1779 habere

708 1866 713 1877 .
834 1813 1231 1900 poterimus,
1277 1836 1507 1881 versus
1551 1816 1832 1883 eundem
1877 1815 2267 1894 schamem,
2313 1816 2622 1899 haeredes,
2652 1814 2764 1881 vel
2805 1836 2960 1880 exe-

855 1920 1112 1981 cutores
1172 1936 1341 1995 suos,
1402 1918 1661 1989 ratione
1720 1918 2176 2005 cujuscunque
2232 1916 2827 1985 administrationis
2887 1916 2960 1981 in

854 2016 1046 2082 bonis
1090 2018 1334 2083 nostris
1401 2018 1720 2085 hactenus
1768 2041 1888 2106 per
1933 2019 2218 2086 eundem
2261 2018 2497 2101 ffictae3
2539 2035 2796 2085 necnon
2844 2017 2960 2083 de-

856 2116 1000 2184 bita
1064 2123 1134 2183 et
1206 2120 1541 2207 arreragia
1613 2121 1911 2187 omnium
1970 2120 2344 2187 debitorum
2427 2124 2817 2197 nostrorum,
2879 2118 2963 2184 de

856 2222 999 2284 toto
1044 2223 1337 2305 tempore
1381 2242 1513 2306 quo
1554 2220 1731 2287 idem
1774 2222 2116 2291 «Iohannes
2160 2220 2447 2289 officium
2491 2220 2844 2309 receptoris
2888 2221 2962 2286 in

856 2320 1147 2385 manerio
1206 2326 1430 2387 nostro
1490 2322 1573 2389 de
1642 2322 1986 2389 Houeden’
2031 2324 2275 2411 gessit3
2335 2344 2414 2391 ac
2476 2323 2678 2389 etiam
2737 2344 2964 2388 omnes

856 2422 1409 2509 transgressiones
1453 2445 1495 2489 a
1543 2424 1870 2512 principio
1913 2424 2148 2491 mundi
2191 2446 2402 2511 usque
2459 2424 2548 2491 ad
2591 2424 2768 2490 diem
2813 2445 2965 2491 con-

856 2522 1160 2589 fectionis
1218 2526 1663 2611 praesentium,
1724 2526 1932 2605 nobis,
1981 2526 2056 2591 in
2115 2526 2328 2593 boscis
2388 2525 2636 2592 nostris
2699 2525 2970 2612 quibus-

857 2646 1133 2711 cunque,
1202 2647 1321 2712 per
1387 2627 1641 2693 dictum
1700 2627 1749 2693 J
1748 2626 2077 2695 ohannem
2144 2626 2692 2714 qualitercunque
2759 2626 2970 2694 factis.

858 2727 943 2791 In
970 2726 1162 2812 cujus
1205 2727 1302 2792 rei
1332 2728 1804 2808 testimonium,
1835 2730 2128 2817 sigillum
2169 2734 2472 2796 nostrum
2516 2728 2798 2795 fecimus
2842 2728 2974 2796 hiis

854 2828 1117 2915 apponi.
1207 2828 1459 2896 Datum
1503 2830 1578 2896 in
1614 2833 1910 2898 manerio
1949 2838 2175 2899 nostro
2205 2832 2288 2898 de
2333 2831 2697 2909 Houeden’,
2729 2831 2971 2923 ultimo

856 2928 963 2995 die
1030 2930 1271 2996 mensis
1335 2932 1655 3011 Octobris,
1700 2930 1908 3000 'anno
1981 2930 2258 3001 Domini
2331 2933 2684 3000 millesimo
2745 2946 2955 3001 eccm.

854 3030 1351 3119 quadragesimo
1394 3034 1612 3113 tertio,
1644 3039 1893 3102 nostrae
1951 3056 2110 3103 vero
2153 3035 2658 3103 consecrationis
2701 3034 2971 3101 decimo.

516 3251 579 3344 34ss
614 3252 821 3346 aalma
854 3244 1383 3326 Aequimaeiafoeta
1568 3235 1900 3303 Noverint
1981 3236 2276 3303 universi
2368 3256 2488 3323 per
2584 3240 2959 3323 praesentes,

520 3314 799 3457 33²3:oe
853 3312 1387 3445 ffgffigeffi'ssffissss
1452 3359 1574 3415 me,
1640 3338 1690 3403 J
1689 3338 2018 3404 ohannem
2093 3339 2176 3404 de
2252 3338 2554 3425 Lynton’,
2632 3338 2958 3417 clericum,

516 3451 727 3547 3¹¹&ss
741 3454 806 3507 by
854 3446 977 3497 ton’.
1420 3541 1436 3556 .
1453 3439 1796 3525 quietasse,
1859 3439 2204 3518 relaxasse,
2267 3444 2336 3505 et
2394 3439 2666 3506 omnino
2724 3440 2959 3526 perdo-

516 3552 732 3605 antom
850 3560 1040 3605 nasse
1100 3560 1178 3606 ac
1220 3540 1558 3619 remisisse,
1604 3542 1960 3607 reverendo
2027 3541 2100 3606 in
2160 3540 2427 3608 Christo
2471 3542 2650 3628 patri
2709 3547 2780 3607 et
2839 3542 2956 3607 do-

849 3639 1029 3705 mino
1073 3662 1236 3717 meo,
1283 3640 1549 3708 domino
1594 3642 1692 3720 R„
1722 3641 1852 3709 Dei
1895 3643 2126 3729 gratia,
2159 3642 2460 3730 episcopo
2503 3642 2958 3719 Dunolmensi,

850 3742 1237 3808 omnimoda·
1285 3742 1524 3822 debita,
1586 3748 1657 3809 et
1715 3765 2139 3830 quascunque
2182 3746 2488 3823 actiones,
2550 3744 2845 3831 querelas
2889 3750 2961 3811 et

851 3845 1222 3923 demandas,
1268 3864 1418 3931 quoe
1462 3850 1533 3910 et
1591 3866 1755 3931 quas
1817 3867 1954 3933 ego,
2002 3845 2112 3911 vel
2161 3846 2402 3932 aliquis
2443 3867 2488 3912 a
2545 3867 2652 3911 me
2695 3866 2958 3913 causam

850 3946 1216 4025 habiturus,
1291 3947 1366 4011 in
1440 3952 1775 4034 posterum
1852 3952 2092 4034 petere,
2169 3948 2448 4034 exigere,
2512 3947 2773 4025 habere,
2841 3947 2954 4013 vel

853 4049 1055 4115 etiam
1122 4048 1485 4127 vendicare,
1552 4051 1814 4136 possim,
1890 4072 2006 4117 seu
2080 4050 2340 4137 poterit,
2409 4072 2494 4115 ex
2569 4070 2960 4136 quacunque

852 4172 1063 4230 causa,
1108 4173 1317 4237 usque
1360 4151 1433 4217 in
1493 4150 1668 4217 diem
1714 4151 2139 4219 confectionis
2183 4152 2645 4238 praesentium3
2704 4172 2958 4218 necnon

854 4258 924 4319 et
950 4252 1363 4319 renunciasse
1394 4253 1573 4318 omni
1608 4252 1781 4337 juris
1809 4253 2116 4331 remedio,
2150 4252 2326 4338 quod
2355 4252 2538 4329 mihi,
2569 4252 2956 4331 haeredibus,

853 4355 963 4421 vel
1008 4355 1465 4421 executoribus
1523 4354 1702 4432 meis,
1772 4376 1927 4441 erga
2008 4355 2260 4421 dictum
2319 4354 2661 4421 dominum
2719 4376 2959 4433 meum,

850 4456 1145 4523 haeredes
1188 4455 1298 4520 vel
1350 4462 1729 4522 executores
1790 4478 1958 4534 suos,
2026 4478 2110 4521 ex
2172 4456 2528 4542 praemissis
2593 4461 2960 4542 competere

756 4544 765 4553 ’
853 4558 1122 4623 valeant
1151 4557 1595 4645 quovismodo
1688 4557 1772 4622 In
1802 4558 1990 4645 cujus
2029 4558 2124 4624 rei
2169 4558 2639 4637 testimonium,
2671 4560 2962 4646 sigillum

854 4680 1075 4726 meum
1140 4659 1573 4747 praesentibus
1636 4660 1930 4747 apposui.
2051 4659 2303 4727 Datum
2362 4660 2543 4747 apud
2603 4660 2964 4739 Houeden’,
