3592 5817
568 1133 682 1180 Am.
697 1137 817 1180 1841.

878 893 1008 954 114
1240 903 1636 954 REGISTRUM
1680 901 2088 954 PALATINUM
2130 903 2615 954 DUNELMENSE.

1737 1127 2130 1215 Presbyteri.

881 1272 928 1340 J
928 1275 1217 1341 ohannes
1264 1275 1345 1340 de
1391 1273 1727 1340 Shaftowe
1759 1313 1787 1325 -
2057 1314 2084 1325 -

887 1377 934 1443 J
934 1377 1171 1443 aeobus
1216 1377 1299 1442 de
1344 1376 1573 1442 Insula
1759 1414 1785 1425 -
2057 1414 2085 1426 ·
2457 1431 2472 1446 .

885 1477 1203 1543 Mardus
1250 1476 1331 1541 de
1375 1475 1706 1541 Dunolmo
1760 1514 1787 1525 -
2058 1299 2492 1642 }mona0h1
2492 1429 2992 1496 Dunolmenses.

887 1578 1213 1644 Robertus
1257 1578 1339 1641 (16
1384 1577 1623 1662 Thorp’

970 1679 1203 1743 Frater
1247 1678 1555 1764 Rogerus,
1602 1677 1960 1743 monachus
2006 1678 2088 1742 de
2133 1677 2588 1764 Tynemouth'.

971 1779 1289 1865 Magister
1359 1779 1407 1843 J
1406 1778 1696 1844 ohannes
1766 1779 1854 1844 de
1923 1777 2384 1865 Skardeburgl
2451 1784 2664 1845 rector
2707 1777 2991 1845 ecelesiae

882 1881 965 1946 de
1012 1879 1361 1965 Staynton'
1408 1880 1481 1943 in
1527 1878 1767 1944 Strata.

972 1981 1375 2068 Reginaldus
1421 1981 1597 2045 filius
1627 1980 1975 2066 Reginaldi
2023 1981 2106 2045 de
2149 1980 2548 2058 Hessewell',
2587 1981 2675 2046 ad
2719 1980 2992 2045 titulum

884 2105 946 2148 V.
993 2103 1372 2158 mascarum,
1426 2080 1990 2167 percipiendarum
2050 2082 2398 2146 annuatim
2457 2083 2538 2147 de
2595 2081 2993 2148 tenementis

885 2183 1137 2249 domini
1180 2183 1451 2248 Roberti
1496 2183 1579 2248 de
1624 2183 2020 2268 Orossegate.

974 2285 1021 2350 J
1020 2285 1308 2350 ohannes
1355 2283 1515 2348 Bell'
1561 2284 1643 2348 de
1690 2283 2096 2370 Elingeham,
2155 2285 2244 2350 ad
2296 2284 2570 2349 titulum
2638 2306 2698 2350 v.
2744 2305 2990 2350 marea-

888 2407 1035 2451 rum
1120 2385 1327 2451 annui
1402 2385 1719 2462 redditus,
1796 2384 2366 2490 percipiendarum
2441 2385 2523 2450 de
2597 2384 2992 2450 tenementis

883 2488 1151 2554 Thomae
1197 2487 1279 2551 de
1324 2487 1571 2552 Aston'.

971 2590 1018 2655 J
1018 2588 1307 2655 ohannes
1350 2587 1528 2652 filius
1580 2585 1862 2652 Thomae
1895 2587 2170 2652 Walker
2230 2589 2312 2652 (16
2375 2587 2688 2664 Dokwra,
2735 2586 2992 2652 Karlio-

884 2690 1083 2756 lensis
1127 2688 1441 2764 dioeeesiS,
1487 2711 1604 2774 per
1634 2688 2051 2766 dimissoriae,
2081 2689 2168 2755 ad
2213 2687 2488 2754 titulum
2518 2711 2580 2753 v.
2612 2709 2992 2766 marearum,

885 2789 1449 2878 percipiendarum
1508 2790 1856 2854 annuatim
1932 2790 2013 2854 de
2073 2790 2467 2855 tenementis
2527 2789 2572 2854 J
2574 2789 2852 2855 ohannis
2911 2789 2993 2853 de

887 2890 1132 2959 Hoton’
1178 2889 1376 2955 Roeff
1384 2889 1417 2954 ’.

976 2993 1023 3059 J
1024 2991 1313 3058 ohannes
1387 2991 1468 3055 de
1545 2989 1898 3068 Edenhale,
1976 2991 2405 3056 Karliolensis
2491 2991 2804 3068 dioecesis,
2879 3012 2996 3077 per

891 3093 1305 3169 dimissoriae,
1366 3092 1453 3158 ad
1521 3091 1793 3157 titulum
1858 3115 1920 3156 v,
1981 3113 2352 3158 marearum
2411 3094 2620 3158 annui
2679 3093 2992 3170 redditus,

890 3193 1454 3282 percipiendarum
1500 3193 1582 3257 de
1626 3193 2022 3258 tenementis
2068 3194 2344 3259 Roberti
2389 3195 2471 3259 de
2517 3195 2856 3260 Laiborne.

977 3300 1025 3366 J
1025 3299 1315 3366 ohannes
1391 3298 1473 3362 (16
1540 3297 1765 3362 Werk'
1811 3320 2008 3383 super
2073 3298 2314 3376 Twed’‚
2375 3299 2462 3364 ad
2538 3299 2811 3364 titulum
2873 3319 2926 3365 e.
2943 3319 2988 3366 ε.

887 3401 1095 3470 annui
1156 3400 1469 3476 redditus,
1530 3398 2100 3486 percipiendarum
2162 3400 2244 3465 de
2303 3401 2698 3466 tenementis
2743 3399 2994 3465 domini

886 3502 1154 3569 Thomae
1201 3500 1283 3564 (16
1328 3498 1589 3564 Heton’.

976 3605 1348 3672 willelmus
1402 3604 1643 3669 Broun’
1691 3604 1773 3668 de
1835 3605 2336 3690 Foggetwhait',
2380 3611 2628 3670 nostrae
2675 3606 2988 3682 dioecesis,

888 3709 975 3774 ad
1018 3706 1295 3771 titulum
1340 3704 1575 3790 prioris
1620 3709 1689 3769 et
1729 3711 2093 3770 eonventus
2139 3707 2223 3770 de
2269 3705 2792 3772 Hextfldesham.

978 3812 1026 3878 J
1026 3811 1315 3877 ohannes
1362 3809 1681 3876 Katerlen
1722 3809 1804 3874 (16
1836 3808 2155 3887 Penreth’,
2205 3810 2632 3877 Karliolensis
2677 3810 2990 3888 dioecesis,

892 3935 1008 4000 per
1038 3911 1451 3988 dimissorias,
1482 3911 1570 3976 ad
1614 3911 1890 3976 titulum
1922 3934 1984 3977 v.
2016 3933 2382 3978 marearum
2427 3912 2634 3977 annui
2678 3912 2990 3988 redditus,

889 4013 1455 4102 percipiendarum
1500 4011 1581 4076 de
1626 4013 2021 4078 tenementis
2050 4011 2368 4078 willelmi
2410 4012 2590 4098 Broy
2635 4014 2718 4078 de
2749 4013 2989 4078 Kirke-

886 4116 1161 4182 bithore.

978 4216 1325 4302 Philippus
1385 4214 1467 4280 de
1529 4214 1784 4293 Bolum,
1847 4216 1934 4281 ad
2001 4214 2277 4281 titulum
2347 4213 2468 4300 iiij.
2514 4235 2880 4282 marearum
2923 4219 2993 4280 et

888 4319 1181 4386 dimidioe
1226 4317 1308 4382 de
1355 4317 1635 4382 Ricardo
1680 4316 1761 4381 de
1793 4315 2048 4382 Bolum.

976 4433 1303 4498 Robertus
1348 4431 1430 4494 de
1476 4428 1955 4516 Whitingham,
2001 4430 2090 4494 ad
2147 4427 2424 4493 titulum
2497 4451 2561 4492 v.
2623 4447 2986 4494 marearum

890 4534 1097 4602 annui
1174 4532 1489 4608 redditus,
1581 4531 2150 4617 percipiendarum
2245 4530 2327 4595 (16
2417 4530 2812 4596 tenementis
2873 4528 2921 4594 J
2919 4549 2988 4594 o-

890 4633 1131 4700 hannis
1175 4633 1258 4697 de
1302 4630 1663 4697 Heworth'.

982 4746 1263 4810 Thomas
1308 4745 1390 4810 de
1443 4743 1746 4821 Karlton,
1814 4744 1901 4809 ad
1960 4741 2232 4808 titulum
2291 4766 2356 4808 V.
2417 4764 2799 4821 marcarum,
2845 4763 2988 4828 per·
