3592 5817
764 908 773 915 ·
844 876 975 939 384
1216 889 1609 941 1111016111οΜ
1654 888 2058 1001 Pulli-rmum
2105 888 2590 941 nuunmansx.

542 1083 653 1129 Aa).
666 1084 784 1130 1³40.

778 1196 783 1205 ·
843 1178 1022 1243 dicta
1064 1178 1324 1256 electus,
1394 1200 1544 1246 cum
1610 1178 1806 1244 litera
1871 1177 2382 1255 communitatis,
2427 1178 2514 1242 ad
2581 1178 2948 1245 manerium

843 1073 1032 1152 Item,
1078 1074 1229 1141 volo
1266 1082 1343 1147 et
1388 1076 1681 1153 decern0,
1726 1076 1904 1161 quod
1967 1074 2298 1163 magister,
2343 1076 2468 1141 sub
2529 1074 2742 1142 forma
2783 1096 2946 1163 prae-

841 1303 1062 1345 meum
1133 1281 1215 1347 de
1264 1281 1770 1367 Wyshenovere,
1831 1288 1989 1346 ante
2055 1280 2160 1345 sui
2228 1278 2424 1347 officii
2475 1282 2947 1357 executionem,

838 1384 1165 1461 mittatur,
1230 1389 1300 1447 et
1367 1383 1632 1449 domino
1701 1382 1998 1469 ejusdem
2065 1381 2362 1461 manerii,
2425 1382 2544 1467 qui
2605 1404 2726 1470 pro
2789 1388 2950 1449 tunc

839 1482 1057 1562 fuerit,
1102 1505 1172 1549 se
1216 1484 1465 1563 offerat,
1528 1486 1585 1549 si
1648 1484 1797 1569 quis
1860 1483 2064 1549 fuerit
2125 1484 2208 1549 de
2253 1483 2575 1569 sanguine
2643 1505 2791 1551 meo
2835 1486 2949 1551 do-

840 1588 1060 1652 minus
1104 1586 1268 1655 dicti
1315 1588 1592 1655 manerii
1656 1608 1775 1674 pro
1843 1592 2137 1672 tempore
2204 1585 2337 1663 illo,
2383 1591 2455 1651 et
2515 1607 2781 1653 causam
2843 1587 2948 1653 sui

838 1690 1168 1755 adventus
1226 1695 1557 1777 exponat3
1600 1689 1732 1774 qui,
1779 1688 1920 1754 sine
1965 1687 2352 1773 exceptione
2396 1694 2628 1755 contra
2671 1689 2948 1757 formam

840 1792 1191 1869 electionis,
1266 1812 1383 1857 seu
1456 1794 1687 1858 contra
1758 1786 2106 1876 personam
2189 1789 2482 1866 electam,
2558 1795 2628 1855 et
2702 1791 2948 1878 absque

838 1894 1019 1957 omni
1094 1892 1623 1969 contradictione,
1688 1913 1806 1977 per
1877 1891 2270 1977 praedictum
2347 1890 2691 1956 dominum
2765 1892 2946 1957 illius

840 1994 1117 2059 manerii
1152 1980 1234 2059 'in
1299 1994 1689 2081 magistrum
1757 1993 1955 2060 dictae
2025 1992 2258 2058 domus
2325 1992 2416 2058 sit
2459 1998 2779 2080 receptus.
2873 1994 2946 2061 Si

840 2100 1065 2160 autem
1125 2095 1431 2161 dominus
1474 2096 1560 2161 ad
1605 2095 1860 2161 dictum
1905 2093 2274 2159 manerium
2319 2116 2606 2179 praesens
2649 2116 2786 2161 non
2833 2117 2945 2160 ex-

840 2196 1073 2274 titerit,
1119 2196 1401 2263 sufficiat
1444 2198 1502 2263 si
1554 2197 1814 2263 custodi
1878 2196 2040 2263 dicti
2097 2196 2374 2261 manerii
2443 2217 2516 2261 se
2577 2202 2948 2283 praesentet,

840 2304 910 2363 et
954 2318 1217 2368 causam
1262 2299 1366 2365 sui
1410 2298 1740 2364 adventus
1786 2303 2091 2383 exponat
2185 2297 2261 2363 Si
2323 2304 2547 2363 autem
2609 2299 2952 2385 contingat

839 2398 1297 2467 haereditatem
1340 2422 1553 2467 meam
1598 2400 1776 2465 inter
1843 2420 2092 2465 sorores
2155 2420 2295 2465 esse
2363 2399 2662 2477 divisam,
2709 2400 2950 2465 seniori

841 2503 1061 2579 sorori,
1138 2502 1247 2568 vel
1321 2502 1461 2588 ejus
1537 2501 1926 2578 haeredibuS,
2003 2501 2164 2565 dum
2248 2500 2332 2565 de
2406 2502 2730 2588 sanguine
2804 2525 2950 2570 meo

838 2603 1105 2681 fuerint,
1165 2604 1253 2671 ad
1328 2604 1580 2670 dictum
1643 2602 2012 2669 manerium
2081 2602 2164 2667 de
2225 2600 2724 2687 Wychenovere
2787 2604 2950 2671 dicti

840 2708 1155 2792 magistri,
1216 2707 1341 2771 sub
1385 2707 1595 2773 forma
1638 2705 2024 2792 subscripta,
2085 2704 2207 2770 fiat
2265 2706 2705 2790 praesentatio,
2795 2707 2949 2775 Dic-

839 2812 951 2871 tus
996 2828 1152 2872 vero
1198 2809 1525 2893 magister,
1572 2830 1722 2875 cum
1767 2808 1851 2873 (16
1903 2806 2196 2871 manerio
2258 2806 2574 2892 praedicto
2621 2807 2950 2875 Oxoniam

840 2909 1125 2987 redierit,
1188 2910 1608 2987 CancellariO,
1689 2910 1797 2975 vel
1868 2908 2012 2994 ejus
2080 2908 2522 2974 commissario
2607 2908 2949 2975 Universi-

743 3090 753 3095 .
840 3010 1015 3088 tatis,
1064 3010 1179 3095 qui
1221 3033 1344 3097 pro
1389 3017 1551 3079 tunc
1602 3010 1821 3089 fuerit,
1883 3010 2138 3075 duobus
2183 3010 2515 3095 magistris
2569 3012 2952 3078 extrinsecis

840 3113 1297 3190 assidentibus,
1343 3136 1461 3200 per
1526 3112 1955 3199 principalem
2020 3118 2089 3176 et
2151 3133 2359 3177 unum
2419 3112 2502 3177 (16
2569 3114 2952 3192 senioribuS,

840 3214 949 3278 vel
1016 3236 1133 3300 per
1200 3216 1363 3281 duos
1430 3215 1733 3292 seniores,
1803 3218 2288 3300 praesentetur3
2363 3234 2408 3279 a
2473 3214 2730 3299 quibus,
2807 3216 2952 3281 sine

840 3316 1357 3385 contradictione
1424 3316 1816 3394 omnimoda,
1863 3314 2324 3395 confirmetur3
2380 3336 2603 3382 coram
2648 3337 2795 3401 quc,
2841 3318 2952 3382 vel

842 3419 1098 3505 quibus,
1181 3420 1635 3506 juramentum
1728 3422 2000 3505 praestet
2074 3416 2418 3503 corporale,
2503 3416 2950 3486 ordinationes

842 3526 911 3586 et
954 3522 1457 3589 constitutiones
1523 3542 1641 3608 per
1703 3520 1955 3587 dictum
2025 3518 2425 3607 Philippum,
2481 3520 2564 3585 de
2631 3541 2950 3587 consensu

842 3623 1303 3708 praedictorum
1366 3622 1777 3701 scholarium,
1827 3621 2054 3698 editas,
2103 3619 2386 3685 fideliter
2430 3620 2820 3703 observare3
2881 3627 2953 3687 et

842 3724 1017 3788 idem
1070 3723 1525 3809 juramentum
1571 3728 1843 3811 praestet
1886 3722 1974 3787 ad
2033 3721 2404 3787 manerium
2450 3721 2535 3788 de
2579 3721 2949 3808 Wycheno-

840 3845 1008 3901 vere,
1041 3845 1257 3890 coram
1303 3824 1568 3891 domino
1613 3824 1776 3891 dicti
1822 3823 2114 3901 manerii,
2161 3822 2219 3887 si
2263 3828 2558 3908 tempore
2601 3844 2740 3889 suae
2784 3846 2950 3910 prae-

840 3925 1229 3991 sentationis
1284 3925 1499 3992 dictus
1545 3926 1850 3991 dominus
1917 3946 2204 4011 praesens
2268 3923 2584 3991 extiterit.
2679 3925 2950 3993 Cancel-

840 4027 1005 4093 lario
1048 4049 1223 4106 vero,
1288 4027 1398 4092 vel
1466 4027 1607 4113 ejus
1670 4027 2137 4104 commissariO,
2183 4048 2300 4091 seu
2359 4023 2558 4092 dictis
2617 4027 2952 4114 magistris

841 4130 1239 4208 extrinsecis,
1287 4130 1360 4194 in
1403 4128 1529 4197 hac
1586 4135 1773 4216 parte
1834 4128 2338 4215 negligentibus,
2371 4126 2480 4193 vel
2523 4127 2687 4194 alias
2740 4130 2950 4215 quali-

839 4237 1200 4319 tercunque
1267 4232 1649 4319 praedictam
1710 4229 2272 4317 confirmationem
2349 4230 2660 4316 expedire
2725 4232 2952 4297 nolen-

840 4336 1037 4414 tibus,
1083 4336 1207 4401 hoc
1251 4336 1409 4421 ips0,
1458 4334 1634 4420 quod
1678 4333 1941 4411 eisdem,
1989 4338 2068 4397 ut
2113 4332 2510 4419 praedicitur,
2558 4333 2654 4400 sic
2703 4333 2950 4400 electus

794 4505 802 4514 ,
839 4443 1279 4523 praesentatus
1346 4436 1565 4514 fuerit,
1626 4458 1747 4521 pro
1792 4436 2181 4501 confirmato
2227 4434 2570 4499 habeatur.
2666 4434 2755 4501 Et
2797 4457 2950 4503 con-

840 4540 1075 4604 similis
1134 4538 1359 4617 forma,
1408 4538 1625 4624 quoad
1668 4536 2132 4602 admissionem
2179 4535 2533 4621 cujuslibet
2596 4535 2791 4603 dictae
2837 4538 2953 4603 do·

839 4663 986 4705 mus
1030 4641 1221 4706 electi
1264 4638 1352 4705 ad
1395 4636 1873 4706 intendendum
1921 4636 2136 4703 Sacrae
2183 4636 2571 4723 Theologiae,
2619 4644 2690 4702 et
2733 4639 2950 4723 quoad

840 4742 981 4828 ejus
1034 4741 1469 4829 receptionem
1514 4762 1730 4809 coram
1776 4744 2135 4807 memorato
2179 4739 2603 4818 Cancellario,
2651 4737 2760 4806 vel
2805 4740 2948 4825 ejus
