3592 5817
887 313 1020 384 574·
1753 329 2125 377 APPENDIX.

878 516 1129 595 debeat,
1178 539 1376 602 quam
1423 517 1730 582 dominus
1775 516 2193 602 temporalis3
2256 518 2563 581 nonnulli
2629 523 2853 584 tamen
2896 521 2996 585 ad

873 618 1091 702 ipsum
1136 618 1368 696 Deum,
1406 618 1473 702 (a
1519 618 1666 698 Quo
1712 622 1951 683 cuncta
1994 618 2374 703 procedunt,
2414 619 2549 698 Qui
2580 620 2876 699 decimas,
2908 622 2988 684 in

873 718 1135 804 signum
1179 719 1570 783 universalis
1618 719 1893 782 dominii
1925 718 2048 783 sibi
2095 719 2283 784 reddi
2327 721 2686 805 praecepit.)
2733 743 2991 807 respec-

872 824 1018 883 tum
1079 820 1378 885 debitum
1422 842 1558 884 non
1624 819 1959 897 habenteS,
2008 841 2318 904 personas
2363 820 2850 899 ecclesiasticas,
2893 823 2986 886 ad

874 941 1037 1004 quas
1084 920 1354 986 decimae
1398 920 1776 1007 hujusmodi
1823 920 2178 1005 pertinent,
2225 926 2294 984 et
2361 921 2712 1006 deputatos
2756 924 2843 987 ab
2887 925 2989 987 818

875 1020 1158 1087 (188111188
1203 1023 1504 1109 colligere
1564 1022 1637 1086 in
1681 1022 1840 1087 locis
1885 1022 2003 1085 ubi
2048 1044 2288 1086 novem
2334 1028 2556 1108 partes
2625 1045 2667 1088 a
2730 1024 2987 1091 decima

874 1130 1278 1209 separantur,
1345 1132 1412 1190 et
1479 1147 1587 1189 eas
1653 1126 1898 1190 cariare
1966 1146 2082 1210 per
2149 1125 2376 1189 eadem
2445 1125 2588 1191 loca
2651 1149 2767 1212 per
2832 1149 2987 1212 quae

874 1245 1114 1289 novem
1180 1231 1398 1312 partes
1465 1226 1814 1301 cariantur,
1861 1230 1928 1289 et
1995 1225 2127 1290 alia
2186 1225 2329 1291 loca
2379 1247 2684 1312 cong-ma,
2729 1249 2807 1293 ac
2872 1250 2987 1293 eas

873 1326 1173 1403 vendere,
1242 1332 1311 1391 et
1384 1326 1463 1390 de
1540 1327 1674 1390 illis
1747 1326 1951 1391 libere
2029 1326 2387 1411 disponere,
2443 1327 2834 1413 impediunt,
2915 1336 2986 1395 et

873 1425 1197 1490 malitiose
1286 1428 1692 1511 perturbant.
1819 1427 1921 1503 Et,
2001 1427 2179 1512 quod
2253 1427 2549 1492 dolentes
2622 1429 2977 1506 referimus,

871 1526 1174 1589 nonnulli
1234 1527 1410 1611 ipsas
1485 1527 1767 1593 decimas
1844 1533 2165 1612 spargunt-
2230 1528 2304 1591 in
2370 1528 2579 1593 foveis
2645 1551 2687 1594 a
2752 1531 2980 1595 bestiis

871 1627 1356 1702 consumendas,
1419 1649 1533 1692 seu
1578 1649 1685 1692 888
1730 1627 2125 1712 projiciunt3
2177 1627 2384 1712 aliqui
2430 1629 2647 1706 etiam,
2696 1631 2810 1715 qui
2855 1631 2982 1694 sub

871 1724 1165 1803 acervis)
1211 1728 1569 1792 secundum
1611 1727 2015 1792 laudabilem
2062 1729 2609 1793 consuetudinem
2654 1730 2977 1796 decimare

875 1827 1251 1905 debuerant,
1299 1829 1575 1913 sparsim
1639 1851 1758 1913 per
1802 1830 2036 1914 garbas
2084 1829 2456 1909 decimant3
2500 1830 2619 1894 alii
2684 1852 2841 1897 vero
2901 1832 2977 1895 in

872 1929 1120 2014 campis
1182 1930 1529 2007 decimant,
1596 1931 1712 2015 qui
1779 1936 2263 1995 consueverunt
2325 1931 2609 1996 decimas
2676 1933 2762 1996 ad
2828 1933 2977 1997 bor·

871 2051 1131 2094 reorum
1175 2032 1344 2096 ostia
1387 2032 1645 2096 cariare.
1740 2031 1881 2096 Nos
1925 2032 2146 2117 igitur,
2180 2038 2557 2097 sanctorum
2589 2038 2855 2117 patrum
2902 2040 2976 2099 et

872 2132 1417 2217 praedecessorum
1446 2139 1818 2197 nostrorum
1840 2133 2137 2217 vestigiis
2176 2133 2589 2209 inhaerenteS,
2621 2135 2973 2218 praemissa,

871 2255 986 2298 seu
1053 2234 1287 2298 horum
1350 2233 1633 2317 aliquod,
1681 2233 1762 2297 de
1831 2238 2065 2298 caetero
2126 2233 2269 2298 fieri
2330 2234 2769 2319 prohibemus.
2862 2235 2974 2298 In-

868 2335 1170 2398 hibemus
1237 2333 1520 2418 insuper,
1586 2356 1670 2397 ne
1732 2334 1936 2419 aliqui
2006 2333 2257 2399 domini
2331 2336 2726 2420 temporales
2800 2336 2975 2402 bona

868 2436 1210 2500 hominum
1255 2457 1369 2500 8811
1419 2435 1787 2499 tenentium
1834 2457 2115 2513 suorum,
2149 2436 2272 2500 sub
2318 2436 2528 2501 debiti
2573 2442 2696 2501 aut
2741 2438 2971 2522 quovis

868 2537 999 2602 alio
1044 2537 1373 2622 exquisito
1420 2537 1644 2614 colore,
1691 2536 1919 2613 seisiri,
1970 2538 2129 2622 capi,
2199 2542 2320 2602 aut
2384 2539 2665 2604 detineri
2710 2540 2967 2617 faciant,

867 2638 940 2701 in
970 2638 1425 2723 praejudicium
1457 2637 1905 2703 ecclesiasticae
1950 2637 2292 2715 libertatis,
2325 2641 2680 2723 quominus
2711 2640 2968 2706 Sanctae

868 2741 1072 2806 Matri
1139 2741 1420 2807 8881881118
1483 2741 1565 2805 (18
1628 2740 1872 2804 debitis
1939 2741 2264 2805 consuetis
2330 2741 2520 2826 plene
2584 2743 2805 2807 valeat
2868 2765 2967 2807 re-

869 2842 1189 2928 sponderi.
1284 2841 1415 2921 Qui
1480 2846 1702 2906 autem
1748 2841 1823 2904 in
1867 2842 2234 2926 praemissiS,
2282 2842 2391 2906 vel
2454 2864 2682 2907 eorum
2749 2844 2973 2928 aliquo

868 2966 1052 3010 secus
1095 2942 1336 3019 fecerit,
1386 2943 1559 3026 [aut]
1619 2941 1917 3007 fraudem
1978 2942 2087 3006 vel
2148 2942 2371 3006 dolum
2417 2943 2811 3022 adhibuerit,
2858 2967 2971 3009 ex-

867 3044 1475 3113 communicationis
1520 3045 1917 3109 sententiam
1962 3045 2107 3130 ipso
2152 3044 2326 3110 facto
2358 3046 2665 3121 incurrat,
2675 3072 2692 3127 ;
2736 3069 2778 3112 a
2822 3069 2971 3132 qua,

865 3147 997 3211 nisi
1049 3148 1436 3211 damnorum
1494 3150 1563 3210 et
1610 3146 1923 3211 interesse
1986 3145 2270 3211 ecclesiae
2294 3143 2320 3184 ²
2372 3169 2485 3211 seu
2531 3170 2973 3233 personarum,

865 3270 1027 3334 quas
1088 3248 1181 3312 sic
1245 3246 1504 3323 laeserit,
1552 3252 1672 3311 aut
1716 3248 1879 3312 alias
1946 3269 2233 3334 congrua
2293 3247 2738 3316 satisfactione
2804 3273 2973 3336 prae-

863 3351 951 3415 mi
959 3371 1080 3428 ssa,
1124 3347 1504 3412 nullatenus
1549 3347 1944 3413 absolvatur.

863 3553 940 3618 V.
987 3553 1089 3619 Ut
1133 3552 1438 3639 capitula,
1484 3552 1773 3616 ministri
1803 3552 2109 3639 episcopi,
2156 3553 2614 3631 archidiaconi,
2648 3553 2968 3630 0111818188,

1040 3654 1271 3719 (1888111
1315 3653 1579 3730 rurales,
1624 3653 2046 3738 apparitoreS,
2109 3658 2248 3732 etc„
2309 3654 2565 3740 plebem
2627 3671 2764 3719 non
2821 3674 2969 3740 gra-

1038 3760 1216 3834 vent,
1264 3760 1384 3821 etc.

952 3888 1442 3974 Compatientes
1501 3887 1999 3973 gravaminibus
2058 3888 2490 3966 subditorum,
2536 3888 2815 3954 firmiter
2861 3887 2966 3951 in-

857 3988 1175 4067 hibemus,
1251 4011 1337 4054 ne
1412 3988 1870 4067 archidiaconi,
1946 3989 2056 4054 vel
2132 4011 2356 4056 eorum
2448 3989 2770 4068 officiales,
2842 3994 2968 4055 aut

927 4186 944 4219 ¹
981 4187 1178 4236 acervis
1189 4202 1469 4251 possumus,
1494 4185 1605 4237 MS.
1905 4183 1918 4254 Ι
2033 4184 2055 4217 ²
2088 4182 2311 4246 ecclesia,
2335 4183 2451 4236 MS.
