3592 5817
992 898 1387 951 mmsrntm
1410 892 1840 949 'rmum
1887 894 2372 948 nontamen.
2608 882 2741 945 383

902 990 935 1029 l

636 1086 969 1151 duntaxat
1008 1084 1256 1151 audire.
1350 1084 1645 1149 Decerno
1675 1082 1896 1160 etiam,
1941 1080 2120 1168 quod
2164 1080 2396 1147 electio
2441 1080 2742 1165 magistri
2803 1090 2915 1136 A·D·
2931 1092 3047 1138 184⁰·

636 1188 939 1275 perpetui
986 1187 1345 1279 secundum
1396 1186 1674 1252 formam
1722 1184 1997 1250 inferius
2034 1188 2424 1250 annotatam
2463 1183 2742 1249 celebre-

636 1296 765 1356 tur.-
858 1288 1255 1357 Convocatis
1286 1288 1593 1353 omnibus
1638 1286 1845 1365 sociis,
1876 1286 2310 1372 praesentibus
2355 1292 2424 1352 et
2453 1286 2744 1351 absenti-

638 1392 763 1458 bus
797 1392 986 1478 justa
1054 1413 1253 1458 causa
1296 1396 1366 1457 et
1408 1390 1787 1467 necessaria,
1834 1388 2188 1455 dummodo
2257 1389 2396 1454 sine
2463 1387 2742 1454 notabili

638 1494 1032 1562 difficultate
1094 1493 1322 1558 venire
1388 1492 1745 1579 potuerint,
1808 1491 2117 1577 injungat
2175 1489 2573 1581 principalis,
2637 1488 2746 1553 vel

638 1598 855 1663 locum
900 1597 1043 1683 ejus
1086 1601 1335 1671 tenens,
1367 1594 1671 1661 omnibus
1702 1599 1771 1659 et
1817 1593 2110 1679 singulis,
2155 1592 2230 1657 in
2273 1592 2402 1657 fide
2449 1593 2748 1678 praestita

641 1700 885 1775 domui,
930 1698 1109 1784 quod
1174 1696 1459 1763 fideliter
1526 1696 1691 1761 duos
1752 1694 2006 1780 eligant
2068 1693 2354 1769 artistaS,
2419 1693 2534 1777 qui
2593 1714 2746 1759 cum

598 1856 607 1864 .
642 1799 989 1887 principali
1035 1799 1268 1889 domus
1310 1797 1664 1884 praedictae,
1708 1818 1828 1861 seu
1891 1796 2034 1881 ejus
2076 1794 2296 1865 locum
2341 1798 2626 1871 tenente,
2673 1793 2748 1858 in
2808 1779 2834 1807 ⁸

642 1901 957 1969 scrutinio
986 1900 1346 1979 sedebunt3
1392 1898 1523 1985 qui,
1557 1915 1675 1984 per
1704 1897 2248 1963 communitatem
2289 1895 2496 1973 electi,
2531 1916 2746 1962 coram

644 2005 909 2081 seniore,
955 2002 1315 2068 secundum
1382 2000 1523 2086 ejus
1582 2004 1836 2065 statum
1902 2000 1977 2062 in
2039 2000 2248 2078 dom0,
2293 1996 2748 2083 juramentum

642 2103 981 2192 praestent'
1024 2104 1370 2189 corporale,
1440 2107 1509 2167 et
1568 2102 1747 2167 idem
1807 2101 2262 2187 juramentum
2331 2105 2405 2168 in
2471 2122 2750 2189 persona

642 2206 907 2293 propria
948 2226 1166 2299 coram
1211 2202 1439 2269 eodem
1484 2204 1737 2268 seniore
1810 2208 2080 2289 praestet
2124 2205 2523 2291 principalia,
2569 2204 2748 2290 quod

643 2330 765 2375 nec
807 2330 925 2394 per
970 2329 1058 2385 se,
1102 2307 1327 2385 alium,
1358 2306 1469 2371 vel
1512 2306 1691 2384 alios,
1736 2306 1902 2371 alios
1946 2305 2034 2372 ad
2079 2308 2431 2373 dicendum
2475 2329 2594 2393 pro
2623 2308 2744 2373 ali-

643 2431 773 2496 quo
832 2410 908 2474 in
950 2408 1341 2495 magistrum
1409 2407 1725 2493 eligendO,
1788 2407 2194 2487 induxerint,
2257 2409 2366 2475 vel
2433 2410 2751 2475 inducent

644 2510 1089 2599 quovismodo,
1122 2514 1353 2575 contra
1380 2508 1795 2575 voluntatem
1824 2510 2156 2595 propriam
2185 2516 2256 2576 et
2285 2516 2751 2597 spontaneam3

644 2618 715 2678 et
756 2614 845 2679 ad
886 2610 1065 2677 idem
1123 2611 1581 2697 juramentum
1643 2610 2128 2679 observandum
2197 2612 2478 2698 quilibet
2540 2612 2752 2679 socius

646 2714 881 2779 domus
924 2713 1333 2800 supradictae,
1380 2712 1633 2779 virtute
1698 2712 1802 2777 sui
1861 2713 2244 2799 juramenti,
2289 2736 2407 2801 per
2469 2716 2750 2783 eundem

647 2816 967 2881 seniorem
1029 2814 1307 2879 firmiter
1348 2814 1772 2913 astringatur.
1864 2814 1913 2880 J
1913 2820 2112 2881 urent
2155 2815 2356 2883 etiam
2403 2838 2628 2883 omnes
2681 2823 2752 2883 et

646 2918 908 3004 singuli,
954 2917 1150 2987 tactis
1196 2916 1655 3007 sacrosanctis,
1700 2917 1775 2981 in
1840 2908 2196 3004 praesentia
2246 2920 2544 2985 omnium
2589 2921 2750 2986 soci-

645 3040 851 3097 orum,
898 3019 1074 3107 quod
1119 3018 1417 3097 fideliter,
1474 3024 1542 3084 et
1602 3015 1852 3105 absque
1897 3020 2222 3106 personali
2286 3022 2751 3108 acceptatione,

647 3127 732 3188 et,
758 3144 873 3209 spe
940 3120 1486 3187 remunerationis
1530 3120 1741 3200 faotae,
1787 3122 1898 3187 vel
1943 3121 2016 3185 in
2060 3123 2364 3189 futurum
2414 3124 2750 3202 faciendae,

646 3246 767 3311 pro
810 3225 931 3291 tali
976 3226 1220 3301 dicant,
1254 3246 1449 3310 quem
1494 3224 1731 3291 melius
1776 3225 2110 3303 scientem,
2142 3227 2352 3312 magis
2398 3232 2751 3312 potentem,

649 3332 718 3392 et
747 3327 1060 3412 majorem
1088 3326 1305 3391 zelum
1334 3326 1705 3405 habentem,
1738 3327 2070 3405 sciverint,
2107 3328 2194 3393 ad
2225 3329 2458 3394 domus
2475 3330 2756 3415 negotia

650 3428 1071 3514 expedienda.
1166 3426 1314 3507 Quo
1387 3427 1579 3506 facte,
1654 3429 2038 3515 principalis
2113 3434 2182 3495 et
2255 3430 2356 3493 illi
2433 3431 2578 3509 duo,
2641 3454 2759 3517 per

650 3529 1189 3596 communitatem
1234 3528 1441 3606 electi,
1484 3535 1643 3595 vota
1686 3530 2098 3616 singulorum
2142 3530 2427 3597 fideliter
2470 3534 2755 3599 sedendo
2844 3564 2878 3609 f,
2894 3567 2968 3609 341
2986 3564 3031 3608 b,

650 3633 932 3700 audiant
988 3632 1064 3696 in
1107 3631 1388 3709 secretiS‚
1432 3636 1505 3697 et
1566 3632 1875 3711 scribant,
1923 3638 1993 3699 et
2059 3634 2279 3720 ipsum
2341 3635 2622 3703 electum
2681 3637 2756 3701 in

652 3734 1042 3820 magistrum
1108 3732 1394 3799 fideliter
1455 3734 1875 3814 denuncient,
1927 3736 2003 3800 in
2070 3757 2266 3821 quem
2332 3736 2543 3824 major
2605 3762 2757 3827 pars

652 3835 1147 3903 communitatis
1192 3836 1610 3901 consenserit.
1705 3836 1794 3903 Et
1837 3838 1897 3902 si
1941 3838 2289 3925 contingat
2331 3840 2584 3927 aliquos
2638 3864 2752 3908 vo-

654 3958 805 4003 cum
835 3936 1190 4023 paritatem
1238 3936 1551 4014 obtinere,
1583 3960 1701 4023 per
1736 3937 2063 4007 saniorem
2108 3946 2366 4026 partem
2395 3945 2755 4009 communi-

654 4038 815 4105 tatis
880 4038 1259 4104 nominatus
1326 4038 1400 4103 in
1442 4040 1833 4126 magistrum
1902 4042 1992 4107 sit
2065 4042 2324 4110 electus.
2419 4044 2760 4112 Saniorem

654 4164 813 4207 vero
878 4146 1136 4227 partem
1182 4162 1267 4206 ex
1313 4143 1769 4228 praerogativis
1839 4142 1912 4207 in
1965 4144 2274 4225 scientia„
2301 4151 2373 4211 et
2417 4146 2762 4232 prioritate
2897 4177 2910 4190 ’

656 4244 905 4322 domne,
950 4241 1231 4329 aliisque
1274 4244 1741 4323 consimilibus,
1788 4266 1875 4312 ex
1943 4245 2184 4332 quibus
2229 4268 2402 4313 unus
2461 4249 2608 4327 alio,
2654 4249 2762 4313 vel

654 4366 791 4412 una
832 4368 985 4433 pars
1030 4346 1241 4412 altera
1282 4346 1356 4410 in
1416 4346 1704 4432 collegiis
1748 4346 1968 4413 sanior
2019 4348 2187 4413 solet
2251 4350 2602 4428 numerari,
2647 4372 2763 4416 vo-

654 4446 789 4515 cari
871 4449 1165 4515 decerno.
1290 4446 1627 4515 Electione
1700 4449 1970 4535 quidem
2045 4450 2345 4537 magistri
2417 4452 2761 4532 celebrata,

655 4551 855 4618 faciat
916 4572 1069 4616 eum
1130 4550 1529 4637 principalis,
1604 4550 1713 4617 vel
1779 4552 2013 4631 senior,
2078 4553 2436 4621 secundum
2511 4561 2763 4628 statum

657 4676 869 4730 suum,
898 4653 971 4717 in
1017 4652 1210 4718 domo
1240 4672 1471 4737 coram
1506 4654 1978 4721 communitate
2014 4654 2256 4741 jurare,
2289 4658 2462 4742 quod
2510 4663 2764 4725 statuta

657 4763 729 4823 et
800 4756 1263 4835 ordinationes,
1338 4776 1457 4843 per
1528 4778 1643 4823 me
1710 4756 1940 4836 editas,
2017 4758 2303 4825 fideliter
2368 4751 2762 4831 observabit,
