3592 5817
600 1061 635 1106 A
644 1059 717 1108 01).
734 1061 853 1106 1888.

583 1956 773 2002 menne
788 1958 841 2001 or

574 2007 800 2100 fflmfi‘ffi

3101 9 3357 77 *gzu-

910 855 1043 920 210
1274 865 1670 918 numeram
1714 863 2120 916 munuum
2149 863 2652 914 nurffmmsn.

908 1053 1311 1120 ordinentur.
1406 1051 1739 1134 Quocirca,
1772 1051 1885 1137 sa]
1931 1049 2122 1117 vobis
2161 1049 2454 1137 singulis,
2488 1055 2688 1136 prout
2717 1049 3009 1123 interest,

908 1155 1307 1242 requirimus
1374 1159 1444 1220 et
1494 1155 1906 1230 mandamus,
1968 1157 2298 1238 quatenus
2369 1151 2665 1238 praefatis
2743 1152 3011 1218 domino

910 1257 1181 1323 Thomae
1226 1261 1297 1322 et
1339 1255 1659 1343 magistro
1704 1254 2017 1332 Johanni,
2063 1259 2386 1339 tanquam
2431 1252 2814 1319 custodibus
2842 1259 3010 1318 tem-

908 1359 1236 1446 poralium
1267 1363 1641 1424 nostrorum
1694 1355 2106 1444 supradictis,
2153 1356 2302 1422 sitis
2343 1355 2762 1434 auxiliantes,
2793 1355 3011 1421 intenae

909 1461 1155 1538 dentes,
1186 1465 1255 1526 et
1284 1460 1753 1545 respondentes
1778 1483 1795 1540 3
1841 1463 1910 1524 et
1952 1479 2073 1524 nos
2117 1463 2341 1524 ratum
2375 1457 2782 1535 habebimus,
2813 1461 3014 1542 atque

906 1566 1188 1649 gratum,
1265 1561 1580 1646 quicquid
1652 1582 1771 1646 per
1841 1559 2101 1626 eosdem
2165 1559 2511 1632 dominum
2577 1558 2898 1624 'rhomam
2943 1561 3013 1624 et

909 1663 1301 1754 magistrum
1368 1661 1415 1726 J
1414 1661 1745 1729 ohannem
1813 1667 2036 1728 actum
2101 1659 2306 1726 fuerit
2347 1662 2423 1726 in
2467 1659 2836 1746 praemissis,
2927 1659 3012 1724 In

908 1763 1097 1850 cujus
1142 1765 1239 1830 rei
1284 1768 1403 1830 etc.
1498 1762 1751 1829 Datum
1797 1783 1930 1848 quo
1975 1783 2190 1848 supra.

1534 1973 1918 2050 samma,
1995 1971 2123 2037 Dei
2206 1973 2437 2058 μω,
2525 1993 2645 2038 rex
2733 1971 3012 2063 Angliae‚

906 2013 1076 2066 Breve
1098 2029 1191 2078 pro
1225 2015 1379 2066 advo-

573 2069 703 2150 ,Νῇ
718 2106 813 2150 ΠΙ,
830 2106 883 2150 to
908 2079 1108 2131 catione
1154 2080 1381 2132 eeclesia
1448 2073 1753 2139 dominus
1799 2073 2159 2150 Hiberniae,
2222 2079 2292 2138 et
2350 2074 2491 2138 dux
2565 2072 3013 2158 Aquitanniae,

577 2157 662 2200 the
678 2156 855 2200 chun-ch
908 2147 971 2196 de
991 2146 1382 2211 Symondburn’.

574 2207 628 2250 of
642 2206 864 2258 symona-

572 2257 835 2352 ms„

573 2355 802 2410 speci-ssed.

1448 2175 1755 2240 omnibus
1798 2175 1886 2240 ad
1949 2195 2114 2259 quos
2182 2179 2540 2260 praesentes
2583 2175 2794 2240 literae
2869 2195 3014 2260 per-

904 2278 1231 2357 venerint,
1278 2279 1574 2344 salutem.
1669 2275 1910 2342 Sciatis
1955 2276 2136 2361 quod
2181 2297 2332 2342 cum
2376 2276 2698 2361 placitum
2757 2280 3014 2340 motum

902 2381 995 2446 sit
1036 2382 1111 2446 in
1154 2380 1337 2448 curia
1378 2384 1621 2457 nostra,
1654 2397 1872 2444 coram
1919 2377 2310 2464 justiciariis
2354 2379 2600 2444 ‘nostris
2645 2379 2728 2443 de
2773 2378 3012 2455 Banoo,

903 2503 1021 2569 per
1088 2483 1287 2548 breve
1355 2485 1673 2558 nostrum,
1720 2480 1898 2550 inter
1961 2500 2096 2545 nos.
2129 2485 2200 2544 et
2241 2480 2686 2546 venerabilem
2737 2485 3012 2564 patrem,

908 2583 1281 2663 Ricardum,
1321 2583 1707 2668 ‘episcopum
1771 2579 2300 2658 Dunelmensem,
2349 2582 2431 2646 de
2477 2602 2554 2646 eo
2617 2582 2794 2666 quod
2837 2580 3012 2646 idem

908 2675 1253 2772 episeopus
1300 2683 1648 2770 permittat
1690 2703 1812 2748 nos
1855 2688 2253 2768 praesentare
2320 2683 2624 2751 idoneam
2669 2701 3012 2768 personam

908 2787 997 2853 ad
1041 2785 1378 2853 ecclesiam
1442 2785 1525 2849 de
1594 2782 2098 2868 Symondburn’,
2147 2783 2334 2869 cujus
2401 2783 2668 2870 quidem
2729 2783 3016 2850 ecclesiae

909 2875 1409 2953 advocationem
1454 2885 1631 2950 idem
1676 2885 2020 2970 episeopus
2065 2885 2309 2951 clamat
2353 2907 2493 2950 esse
2529 2885 2643 2970 jus
2687 2907 2900 2964 suum,
2946 2889 3020 2948 et

910 2986 1196 3054 ecclesiae
1264 3007 1417 3064 suae,
1484 2985 1713 3052 Sancti
1782 2985 2138 3052 Outhberti
2199 2985 2701 3065 Dunelmensis3
2774 3007 2852 3052 ac
2893 3007 3016 3052 nos

908 3109 1121 3175 nuper
1164 3109 1315 3155 cum
1360 3087 1654 3154 exercitu
1699 3091 1924 3153 nostro
1971 3109 2168 3174 super
2195 3088 2488 3177 placeam
2533 3088 2616 3153 de
2661 3087 3013 3173 Halydon’,

902 3190 1106 3277 juxta
1166 3187 1397 3256 villam
1460 3189 1542 3254 de
1612 3189 1946 3255 Berewico
2013 3209 2218 3275 super
2261 3187 2589 3267 Twedam,
2639 3189 3014 3267 existentes,

908 3294 1381 3376 intuentesque
1428 3290 1674 3368 Scotos,
1720 3289 2024 3356 inimicos
2092 3296 2162 3355 et
2221 3289 2493 3355 rebelles
2537 3295 2813 3368 nostros,
2859 3312 3011 3356 con-

908 3400 1017 3460 tra
1058 3415 1178 3459 nos
1224 3395 1298 3457 in
1342 3393 1682 3458 excessivo.
1724 3391 2158 3456 multitudine
2203 3393 2398 3456 modo
2442 3381 2749 3478 guerr-ino
2795 3393 3016 3458 subito

908 3495 1269 3572 venientes,
1318 3493 1404 3559 ad
1472 3492 1938 3558 debellandum
2006 3511 2127 3558 nos
2195 3498 2263 3557 et
2307 3493 2672 3560 exercitum
2715 3499 3015 3558 nostrum

910 3596 1318 3682 praedictum,
1366 3599 1719 3679 pensantes
1784 3594 1962 3678 quod
2033 3593 2192 3658 belli
2239 3594 2521 3661 victoria
2581 3615 2716 3659 non
2785 3600 2886 3660 est
2929 3617 3016 3659 ex

912 3697 1195 3774 homine,
1246 3696 1363 3760 sed
1410 3717 1494 3759 ex
1563 3695 1721 3772 Deo,
1767 3699 2003 3760 votum
2065 3695 2193 3760 sibi
2255 3695 2674 3773 emiserimm,
2723 3701 2816 3773 ut,
2863 3717 3018 3762 con·—

910 3817 1091 3866 cessa
1132 3796 1323 3860 nobis
1364 3795 1624 3862 coelitus
1670 3795 1753 3864 de
1801 3795 1994 3862 dictis
2039 3797 2280 3862 nostris
2326 3796 2582 3862 aemulis
2625 3797 3016 3883 triumphali

909 3898 1203 3976 victoria,
1252 3897 1605 3982 quamdam
1650 3897 1920 3989 domum
1981 3898 2329 3964 tresdecim
2389 3897 2856 3964 monachorum
2915 3921 3015 3963 re-

910 3997 1257 4087 gularium,
1352 3997 1547 4084 Nigri
1640 3997 1911 4063 Ordinis
1987 3997 2217 4064 Sancti
2291 3999 2651 4077 Benedicti,
2728 3999 2801 4063 in
2875 3999 3017 4066 loco

910 4098 1329 4185 competenti,
1392 4099 1465 4163 in
1539 4105 1926 4186 perpetuam
2009 4105 2220 4166 tantae
2309 4101 2542 4187 gratiae
2615 4100 3013 4178 memoriam,

910 4202 1378 4281 fundaremus3
1436 4222 1571 4278 noe,
1642 4201 1918 4266 obtenta
1982 4202 2261 4268 victoria
2329 4203 2410 4267 de
2474 4203 2669 4269 dictis
2733 4202 3018 4268 inimicis

908 4303 1167 4381 nostris,
1215 4323 1299 4367 ex
1366 4300 1716 4367 clementia
1776 4298 2156 4379 Salvatoris,
2217 4301 2516 4366 volentes
2576 4307 2815 4366 votum
2868 4323 3018 4368 nos·
3073 4315 3078 4318 '

910 4409 1091 4470 trum
1167 4401 1556 4488 praedictum
1616 4401 2048 4468 effectualiter
2127 4401 2501 4487 adimplere,
2573 4387 2874 4468 dedimus
2947 4411 3022 4472 et

816 4501 822 4515 ¹
913 4503 1362 4580 concessimus
1410 4523 1529 4588 pro
1595 4502 1785 4568 nobis
1857 4508 1928 4568 et
1993 4501 2370 4569 haeredibus
2436 4505 2696 4582 nostris,
2743 4506 3022 4590 praefato

916 4607 1215 4696 episcopo
1260 4597 1757 4671 advocationem
1805 4604 2094 4672 ecelesiae
2147 4605 2580 4691 supradictae3
2638 4605 3020 4674 habendum
3135 4673 3142 4680 ,

917 4716 989 4777 et
1029 4709 1393 4776 tenendum
1423 4708 1551 4777 sibi
1582 4709 2156 4780 etsuccessoribus
2187 4710 2322 4776 suis
2352 4709 2428 4776 in
2469 4714 2904 4796 perpetuum3
2948 4718 3024 4778 et
