3592 5817
534 1039 653 1087 ΔΛ).
663 1041 783 1086 1844.

845 821 979 888 368
1205 829 1601 888 snmsrnuu
1648 826 2057 882 Pmrmuu
2099 828 2586 882 nmen-Lumen.

836 1040 993 1106 gero
1038 1020 1122 1085 de
1150 1018 1608 1097 Westchestre,
1638 1038 1769 1104 ⁸pro
1813 1038 1936 1083 suo
1979 1016 2268 1095 servitio,
2312 1015 2504 1083 nobis
2547 1022 2620 1083 et
2660 1014 2946 1083 ecclesiae

838 1128 1079 1215 nostrae
1124 1120 1556 1187 Dunelmensi
1599 1120 1914 1207 impenso,
1952 1123 2022 1184 et
2063 1118 2522 1205 impendendo,
2549 1138 2763 1183 unum
2790 1118 2945 1183 bur-

836 1223 1120 1310 gagium,
1149 1228 1285 1289 tres
1329 1242 1526 1300 acras,
1574 1228 1644 1288 et
1678 1226 1822 1287 tres
1865 1220 2298 1299 rodssterrae,
2329 1219 2946 1307 cumpertinentiis,

837 1326 910 1389 in
938 1324 1103 1391 villa
1131 1323 1213 1389 de
1234 1322 1607 1389 Aukeland’
1640 1306 1985 1438 Episcopi3
2013 1321 2141 1389 tibi
2162 1322 2596 1409 praempimus,
2627 1321 2946 1409 quatinus

837 1426 1015 1511 quod
1035 1425 1063 1465 ²
1105 1424 1419 1512 praedicto
1449 1424 1705 1511 Rogero
1749 1422 2060 1489 seisinam
2105 1423 2188 1488 de
2231 1423 2580 1510 praedictis,
2609 1423 2947 1511 burgagio,

838 1529 1051 1594 tribus
1094 1528 1262 1595 acris
1291 1531 1361 1593 et
1390 1526 1615 1592 tribus
1632 1524 1811 1591 rodis
1840 1530 2052 1602 terme,
2082 1524 2228 1591 sine
2255 1524 2588 1604 dilatione,
2619 1525 2948 1592 liberetis·
2931 1576 2950 1605 ,

838 1629 1200 1695 tenendum
1244 1626 1459 1693 eidem
1502 1626 1808 1713 Rogero,
1823 1625 2214 1704 haeredibus,
2260 1632 2331 1692 et
2396 1626 2747 1715 assignatis
2791 1626 2946 1705 suis,

839 1735 1039 1816 prout
1097 1730 1169 1795 in
1229 1728 1545 1816 praedicta
1602 1733 1786 1795 carta.
1842 1734 2084 1807 nostra,
2145 1728 2361 1795 eidem
2420 1728 2576 1795 inde
2635 1729 2950 1807 confecta,

840 1832 1098 1918 plenius
1173 1830 1562 1898 continetur.
1652 1829 1909 1896 Datum
1969 1830 2149 1917 apud
2216 1830 2606 1909 Aukeland',
2659 1831 2774 1898 vii.
2839 1831 2947 1897 die

820 1933 1084 1999 ‘mensis
1129 1931 1489 2010 Februarii,
1533 1950 1709 1997 anno
1752 1930 2030 1999 Domini
2073 1944 2178 1997 ΜΟ
2181 1944 2386 1999 eccm.
2448 1932 2948 2021 quadragesimo

842 2033 1057 2112 tertie,
1103 2038 1173 2100 et
1210 2036 1459 2100 nostrae
1502 2033 2007 2145 consecrationis
2051 2032 2413 2102 undecimo.

844 2284 1017 2347 caru,
1074 2286 1141 2336 ad
1212 2300 1345 2350 Pone
1314 2286 1503 2335 endum
1659 2233 2453 2321 Ricardufl,‘permiflfli0n0
2482 2235 2728 2313 divina,
2758 2232 2950 2302 Dun-

844 2358 1005 2403 ωτι-οε
1045 2351 1097 2402 in
1144 2366 1327 2402 manus
1368 2365 1503 2400 mor-
1568 2336 1876 2403 olmensis
1921 2336 2276 2422 episcoplffl,
2307 2338 2612 2403 omnibus
2654 2338 2744 2405 ald
2786 2360 2950 2425 quos

844 2424 977 2480 tuas,
996 2418 1151 2470 faeta
1570 2442 1927 2525 Praefflnfaes
1998 2435 2210 2503 literae
2269 2438 2708 2525 pervenerint,
2775 2439 2952 2506 salu-

803 2601 810 2613 .
844 2546 998 2607 tem.
1080 2539 1376 2614 ,Noverit
1440 2540 1839 2606 universitas
1901 2528 2139 2616 vestro),
2185 2539 2376 2625 quod,
2442 2540 2600 2608 licet
2649 2541 2734 2607 de
2777 2562 2950 2609 com-

846 2643 1034 2708 muni
1096 2640 1366 2709 consilio
1439 2642 1626 2729 regni
1693 2640 1972 2727 Angliae,
2035 2645 2366 2707 statutum
2426 2643 2517 2709 sit
2552 2644 2756 2732 ‘quod
2815 2666 2952 2709 non

845 2745 1044 2811 liceat
1084 2744 1251 2809 viris
1295 2743 1616 2833 religiosis
1668 2741 1928 2829 ingredi
1987 2741 2253 2808 feodum
2287 2744 2584 2830 alicujus,
2631 2745 2730 2811 its,
2774 2746 2951 2832 quod

846 2848 934 2913 ad
1000 2866 1272 2911 manum
1345 2851 1676 2911 mortuam
1750 2842 2080 2922 deveniat,
2155 2843 2297 2910 sine
2369 2844 2642 2913 lieentia
2699 2847 2950 2913 domini

848 2948 1037 3035 regis,
1083 2952 1154 3013 et
1214 2945 1518 3032 capitalis
1571 2944 1826 3011 domini
1886 2945 1968 3011 de
2029 2966 2160 3032 quo
2219 2968 2322 3012 res
2387 2946 2506 3013 illa
2571 2948 2950 3015 immediate

849 3054 1154 3128 tenetur3
1215 3047 1298 3113 de
1355 3046 1572 3134 gratia
1633 3051 1860 3113 tamen
1923 3051 2150 3113 nostra
2227 3046 2511 3134 speciali,
2589 3072 2675 3115 ex
2747 3049 2954 3137 regali

848 3154 1175 3237 potestate
1218 3154 1461 3227 nostra,
1506 3148 1938 3217 concessimus
1983 3154 2054 3215 et
2095 3147 2431 3216 licentiam
2470 3151 2785 3231 dedimus,
2832 3174 2953 3241 pro

848 3252 1039 3318 nobis
1098 3257 1168 3318 et
1226 3250 1703 3319 successoribus
1767 3248 2026 3329 nostriS,
2075 3257 2415 3337 quantum
2474 3253 2547 3317 in
2591 3254 2781 3320 nobis
2833 3260 2952 3333 est,

850 3354 1089 3423 dilecto
1133 3354 1324 3421 nobis
1382 3347 1716 3419 Willelmo
1760 3352 1845 3417 de
1889 3350 2182 3439 Twysyl,
2228 3354 2406 3440 quod
2467 3354 2608 3442 ipse
2660 3356 2954 3443 quinque

850 3462 1172 3525 marcatas
1216 3462 1425 3538 terrae,
1472 3477 1623 3523 cum
1666 3453 2102 3541 pertinentiis,
2149 3476 2312 3541 quas
2359 3455 2536 3521 idem
2581 3456 2954 3524 willelmus

850 3564 1037 3625 tenet
1080 3559 1164 3625 de
1208 3557 1474 3624 domino
1519 3557 1775 3623 Thema
1818 3555 1900 3621 de
1947 3554 2128 3642 Grey
2171 3563 2240 3622 et
2285 3557 2574 3625 Henrico
2620 3558 2702 3625 de
2764 3558 2952 3625 Esse-

851 3660 1167 3747 lyngton’‚
1220 3659 1296 3724 in
1338 3657 1516 3723 villis
1562 3658 1645 3723 de
1696 3656 2460 3745 Westhupsetelyngton’
2515 3665 2586 3726 et
2638 3658 2954 3740 Norbam,

850 3761 1177 3838 videlicet,
1209 3781 1326 3825 sex
1357 3780 1538 3827 acras
1562 3764 1631 3825 et
1660 3758 2012 3824 dimidium
2042 3764 2235 3826 terrae
2264 3760 2339 3826 in
2370 3759 2684 3841 Norbam,
2713 3784 2967 3830 novem-

852 3884 1033 3930 acras
1078 3866 1269 3928 terrae
1297 3861 1373 3926 in
1402 3859 2187 3948 Westhupsetelyngton',
2241 3862 2324 3929 de
2382 3863 2728 3931 dominicis
2771 3864 2956 3932 Hen-

852 3964 972 4031 rici
1018 3964 1100 4030 de
1146 3960 1620 4049 Esselyngton',
1668 3983 1879 4028 unum
1925 3962 2350 4049 mesuagium,
2397 3969 2468 4031 et
2526 3988 2736 4031 unum
2778 3972 2956 4035 cota-

852 4066 1054 4154 gium,
1102 4071 1171 4132 et
1212 4062 1572 4133 octodecim
1616 4084 1799 4131 acras
1832 4068 1902 4130 et
1931 4063 2281 4130 dimidium
2312 4072 2520 4145 terrae,
2553 4088 2704 4159 quae
2749 4088 2958 4155 quon·
3079 4068 3090 4075 '

854 4168 1009 4235 dam
1069 4168 1341 4233 fuerunt
1385 4165 1651 4233 Ricardi
1721 4164 1805 4230 de
1873 4164 2326 4245 Brankeston’,
2372 4167 2445 4233 in
2504 4168 2732 4235 eadem
2777 4170 2956 4247 villa,

855 4290 1065 4335 unum
1110 4268 1519 4356 mesuagium
1563 4273 1633 4333 et
1675 4266 1924 4353 viginti
1969 4272 2221 4355 septem
2253 4289 2434 4337 acras
2479 4275 2691 4349 terrae,
2733 4270 2806 4337 in
2849 4292 2958 4337 ea-

856 4372 1007 4438 dem
1056 4370 1233 4448 villa„
1281 4376 1350 4435 et
1393 4375 1527 4435 tres
1572 4368 1886 4434 solidatas
1937 4368 2144 4434 annui
2207 4369 2504 4436 redditus
2565 4372 2639 4437 in
2680 4372 2963 4460 piscaria

857 4473 963 4539 del
986 4469 1013 4510 ²
1057 4471 1310 4537 Sandes
1354 4472 1426 4535 in
1471 4490 1643 4556 aqua
1685 4469 1769 4535 de
1815 4468 2073 4548 Twede,
2119 4492 2268 4557 quae
2314 4473 2646 4559 quondam
2691 4473 2964 4541 fuenmt

926 4684 941 4718 ¹
975 4684 1064 4738 Sic
1086 4683 1142 4735 in
1164 4682 1291 4749 orig.
1903 4678 1922 4753 Ι
2014 4682 2038 4716 ²
2069 4682 2142 4734 dil
2161 4684 2214 4735 in
2236 4684 2363 4753 orig.
