3592 5817
1486 497 1856 545 Arrmffmx.
2593 485 2724 547 583
2764 573 2771 578 ἡ

613 701 898 765 quorum
944 680 1274 758 electione,
1319 669 1600 745 necnon'
1635 679 1710 744 in
1767 680 2269 746 sustentationis
2328 682 2547 768 gratia
2604 683 2721 749 ad·

615 782 940 860 missione,
987 781 1088 845 illi
1134 781 1251 866 qui
1296 780 1377 846 de
1438 781 1596 846 locis
1648 782 2227 870 propinquioribus
2272 782 2373 847 illi
2418 783 2559 850 loco
2602 784 2723 850 ubi

611 883 931 948 beneficia
959 883 1310 960 antedicta,
1335 882 1530 948 dictae
1559 883 1786 947 domui
1810 906 1927 970 per
1955 905 2061 949 me
2092 885 2345 962 collata,
2366 885 2718 964 situantur,

613 986 876 1051 oriundi
912 985 1175 1065 fuerint,
1212 986 1397 1070 (dum
1428 991 1651 1052 tamen
1682 986 1756 1050 in
1775 986 1885 1064 eis,
1919 987 2029 1052 vel
2058 1008 2284 1052 eorum
2313 988 2553 1074 alique,
2585 993 2721 1054 tres

613 1088 1022 1154 conditiones
1038 1089 1112 1152 in
1133 1088 1426 1174 antiquis
1445 1088 1972 1154 ordinationibus
1993 1089 2367 1168 nominatae,
2392 1089 2719 1169 videlicet,

609 1196 648 1224 “
669 1189 880 1275 magis
910 1211 1243 1276 paupereS,
1275 1191 1486 1277 magis
1515 1189 1929 1276 proficientes
1954 1197 2023 1256 et
2052 1190 2263 1276 magis
2293 1191 2673 1278 morigerati
2684 1191 2719 1218 ”

613 1290 1084 1377 inveniantur,)
1117 1292 1433 1378 praecipui
1463 1292 1615 1369 sint,
1648 1296 1717 1357 et
1738 1291 1953 1377 primi.
2048 1290 2157 1358 Sit
2184 1297 2409 1358 autem
2438 1293 2511 1356 in
2541 1293 2723 1360 dicta

613 1391 808 1458 domo
867 1393 1163 1478 superior
1204 1397 1578 1479 perpetuus,
1623 1393 1698 1457 in
1757 1393 1986 1458 eadem
2046 1393 2239 1458 domo
2298 1414 2719 1474 commorans,

609 1493 728 1578 qui
771 1495 1072 1580 magistri
1130 1495 1398 1559 nomine
1443 1500 1760 1581 perpetuo
1820 1499 2276 1579 nuncupetur3
2320 1494 2427 1559 vir
2469 1495 2543 1560 in
2587 1495 2721 1581 spi-

608 1595 962 1662 ritualibus
1009 1601 1078 1661 et
1135 1597 1606 1682 temporalibus
1659 1596 2183 1682 circumspectus,
2232 1596 2347 1681 qui
2410 1597 2719 1664 scholari—

607 1697 734 1760 bus
793 1698 867 1761 in
926 1698 1072 1783 ipsa
1115 1698 1308 1762 domo
1353 1697 1924 1775 commorantibus
1970 1717 2049 1763 ac
2106 1695 2427 1763 ministris
2470 1697 2718 1776 altaria,

603 1797 886 1884 aliisque
931 1799 1235 1864 omnibus
1281 1798 1610 1866 officiariis
1671 1819 1789 1864 seu
1834 1797 2117 1874 famulis,
2166 1818 2557 1883 quocunque
2600 1820 2720 1865 no-

607 1899 786 1964 mine
849 1905 1254 1977 censeantur,
1320 1899 1436 1985 qui
1501 1899 1588 1964 ad
1664 1898 2071 1963 exteriorum
2132 1917 2251 1962 seu
2325 1897 2717 1963 interiorum

605 2000 1249 2066 administrationem
1313 2021 1430 2064 seu
1491 1999 1786 2086 regimen
1850 1997 2101 2062 fuerint
2164 1998 2484 2084 deputati,
2551 2019 2718 2084 prae-

601 2101 893 2166 emineat
939 2108 1008 2166 et
1052 2102 1318 2187 praesit3
1378 2121 1742 2185 omnesque
1802 2099 1879 2176 ei,
1926 2103 2069 2163 tam
2129 2098 2455 2164 scholares
2517 2121 2717 2185 quam

603 2201 834 2266 altaris
879 2202 1184 2280 ministri,
1229 2201 1539 2278 officiarii,
1588 2205 1658 2266 et
1701 2198 2090 2284 quicunque·
2124 2198 2243 2263 alii
2270 2198 2521 2278 famuli,
2567 2205 2717 2266 tan-

603 2323 806 2388 quam
851 2325 972 2369 suo
1012 2303 1350 2390 superiori,
1397 2303 1472 2367 in
1515 2302 1622 2366 his
1667 2321 1819 2387 quae
1866 2300 2172 2366 effectum
2218 2323 2415 2366 suum
2460 2302 2716 2368 contin-

603 2411 790 2490 gunt,
852 2410 1128 2491 pareant
1189 2411 1258 2471 et
1315 2403 1686 2470 intendant.
1814 2402 1915 2467 De
1976 2402 2469 2468 conditionibus
2531 2405 2716 2488 [vero

603 2506 941 2592 ejusdemJ,
990 2507 1206 2592 quoad
1251 2506 1394 2591 ejus
1437 2504 1951 2582 institutionem,
2002 2503 2407 2583 electionem,
2438 2525 2557 2569 seu
2601 2505 2715 2572 de-

603 2608 1038 2686 stitutionem,
1083 2615 1151 2674 et
1194 2607 1328 2673 alia
1371 2607 1590 2694 ipsum
1635 2605 2001 2692 tangentia,
2050 2627 2129 2670 ea
2171 2605 2451 2671 firmiter
2495 2607 2715 2673 obser-

605 2713 864 2789 ventur,
913 2731 1062 2795 quae
1121 2731 1320 2796 super
1377 2709 1502 2774 hoc
1561 2707 1839 2773 inferius
1898 2711 2059 2771 sunt
2118 2713 2451 2773 annotata.
2546 2708 2714 2776 Volo

600 2816 846 2889 autem,
901 2817 971 2876 et
1013 2811 1258 2890 ordine,
1322 2809 1516 2895 quod,
1563 2809 1646 2874 de
1704 2829 1980 2874 numero
2025 2807 2420 2874 scholarium
2481 2810 2715 2876 domus

603 2911 1017 2999 supradictae,
1087 2912 1432 2999 eligantur,
1493 2910 1855 2977 secundum
1922 2909 2215 2975 formam¹
2277 2911 2713 2997 subscriptam

602 3036 724 3079 sex
768 3014 943 3096 socii,
979 3013 1332 3080 dummodo
1361 3013 1437 3076 in
1478 3011 1796 3086 facultate
1840 3011 2087 3076 artium
2116 3011 2368 3076 fuerint
2396 3017 2713 3099 regentes,

600 3115 720 3200 qui
765 3136 966 3181 sacrae
1009 3114 1358 3201 theologiae
1405 3112 1790 3180 facultatem
1838 3111 2159 3191 audiant3
2204 3111 2445 3197 quibus
2491 3114 2709 3194 etiam,

602 3218 676 3282 in
737 3216 1195 3283 vacationibus
1256 3215 1406 3279 aliis
1468 3213 1901 3280 facultatibus
1962 3213 2160 3278 liceat
2222 3212 2581 3294 intendere,
2643 3221 2713 3281 et

601 3319 885 3386 Decreta
935 3325 1004 3384 et
1068 3317 1441 3384 Decretales
1493 3336 1612 3401 per
1662 3315 2009 3380 biennium
2064 3315 2398 3380 duntaxat
2463 3317 2708 3384 audire.

603 3420 898 3508 Dispono
943 3421 1161 3498 etiam,
1193 3418 1370 3505 quod
1411 3417 1641 3483 electio
1670 3416 1971 3502 magistri
2016 3417 2320 3502 perpetui
2348 3419 2711 3484 secundum

598 3523 878 3587 formam
922 3521 1196 3587 inferius
1239 3525 1628 3586 annotatam
1671 3517 2539 3586 celebretur—Convocatis
2570 3542 2709 3587 om-

597 3624 797 3688 nibus
857 3623 1048 3690 sociis
1108 3622 1548 3709 praesentibus
1591 3626 1664 3686 et
1723 3620 2109 3710 absentibus
2161 3620 2349 3706 justa
2400 3643 2597 3690 causa
2640 3628 2711 3689 et

593 3726 972 3804 necessaria,
1051 3724 1407 3789 dummodo
1466 3723 1606 3789 sine
1667 3721 1959 3788 notabili.
2020 3717 2413 3788 difficultate
2478 3725 2707 3791 venire

596 3827 902 3912 poterint,
973 3827 1282 3913 injungat
1348 3824 1731 3911 principalis
1804 3825 1915 3888 vel
1977 3824 2193 3890 locum
2269 3825 2412 3910 ejus
2474 3831 2707 3893 tenens

594 3929 902 3994 omnibus
947 3933 1016 3994 et
1060 3928 1337 4014 singulis
1382 3927 1458 3991 in
1500 3927 1631 3991 fide
1675 3925 1979 4012 praestita
2030 3926 2257 3990 domui
2326 3926 2503 4011 quod
2546 3928 2705 3994 fide-

597 4031 751 4096 liter
803 4032 968 4096 duas
1029 4031 1280 4116 eligant
1339 4028 1622 4106 artistaS,
1671 4028 1787 4113 qui
1850 4049 2001 4093 cum
2062 4027 2409 4113 principali
2470 4030 2703 4096 domus

597 4133 930 4219 praedictae
977 4154 1092 4197 seu
1137 4153 1288 4198 cum
1334 4130 1476 4216 ejus
1535 4130 1750 4196 locum
1811 4133 2081 4194 tenente
2126 4130 2199 4193 in
2243 4130 2561 4196 scrutinio
2606 4155 2706 4198 se-

595 4235 864 4313 debunt,
913 4235 1029 4320 qui
1095 4256 1214 4320 per
1277 4232 1821 4300 communitatem
1891 4230 2081 4296 electi
2148 4253 2364 4298 coram
2432 4235 2701 4315 seniore,
2828 4227 2835 4241 “

591 4335 954 4404 secundum
999 4335 1148 4422 ejus
1187 4339 1438 4402 statum
1497 4334 1570 4398 in
1616 4332 1825 4411 domo,
1862 4332 2317 4419 juramentum
2378 4340 2697 4421 praestent

1907 5413 1921 5432 ae
