3592 5817
930 462 1062 525 586
1799 475 2172 523 Arrsnmx.

930 663 1120 729 sociis
1184 663 1379 728 dictae
1455 663 1703 739 (10111118,
1761 661 1921 726 dum
1988 666 2216 727 tamen
2278 662 2353 725 in
2419 663 2677 726 artibus
2741 664 3042 729 rexerint

926 765 1258 851 eligendos
1323 786 1459 829 esse
1507 765 1799 850 dispon0,
1846 763 1971 828 sub
2014 763 2141 828 hac
2184 763 2409 828 forma.
2413 763 2837 830 ——Convocet
2894 786 3039 830 ma-
3477 817 3478 828 ,

924 867 1128 952 gister
1190 867 1420 931 domus
1496 865 1892 951 supradictae
1968 866 2529 944 communitatem,
2599 867 2902 930 omnibus
2967 873 3039 932 et

923 967 1215 1053 singulis,
1246 968 1320 1030 in
1365 971 1770 1032 sacramento
1815 965 2087 1032 Domini
2134 966 2452 1052 prae-stite,
2489 951 2771 1032 firmiter
2810 967 3037 1053 injun-

922 1069 1152 1154 gendo,
1207 1069 1386 1154 quod
1435 1069 1718 1134 fideliter
1770 1074 1842 1134 et
1899 1068 2040 1132 sine
2100 1089 2522 1156 personarum
2570 1069 3035 1153 acceptatione,

925 1170 1149 1235 favore
1209 1170 1583 1236 omnimodo
1647 1176 1717 1235 et
1773 1169 2121 1235 affectione
2182 1190 2576 1254 quacunque
2634 1171 3034 1256 postpositis,
3473 1133 3479 1428 1

924 1271 1130 1336 81111111
1174 1272 1283 1336 vel
1326 1271 1490 1337 alios
1548 1271 1635 1337 ad
1679 1271 2063 1337 facultatem
2124 1271 2510 1356 praedictam
2556 1271 2823 1357 eligant,
2870 1292 3036 1356 quos

926 1372 1386 1450 verisimiliter,
1418 1394 1534 1458 per
1579 1370 2059 1458 experientiam
2104 1371 2530 1456 probabilem,
2562 1372 2648 1436 ad
2694 1372 3034 1458 proficien-

926 1473 1084 1537 dum
1129 1473 1203 1536 in
1231 1473 1545 1538 facultate
1588 1473 1907 1559 praedicta
1951 1472 2163 1558 magis
2207 1471 2462 1536 habiles
2494 1478 2563 1538 et
2606 1474 3033 1559 morigeratos

919 1573 1271 1653 sciverint3
1315 1579 1384 1639 et
1448 1574 1559 1638 ille
1621 1573 1731 1638 vel
1797 1573 1900 1637 illi
1967 1574 2042 1637 in
2106 1594 2303 1659 quem
2363 1573 2473 1638 vel
2534 1574 2609 1637 in
2673 1596 2838 1660 quos
2879 1597 3033 1659 pars

920 1675 1129 1759 major
1185 1675 1679 1740 communitatis
1739 1673 2153 1751 consenserit,
2201 1674 2290 1738 ad
2336 1672 2687 1760 theologiae
2748 1676 3032 1741 auditio-

919 1798 1071 1840 nem
1115 1776 1252 1840 sint
1296 1776 1502 1841 electi.
1596 1775 1673 1840 Si
1713 1782 1939 1841 autem
1984 1776 2330 1862 contingat
2373 1775 2628 1861 aliquos
2674 1777 2761 1842 de
2790 1778 3031 1864 eligen-

919 1876 1022 1941 dis
1090 1877 1444 1963 paritatem
1502 1898 1741 1943 vocum
1806 1876 2121 1953 obtinere,
2184 1876 2417 1953 senior,
2480 1877 2844 1942 secundum
2890 1878 3029 1963 ejus

921 1984 1171 2044 statum
1214 1979 1288 2042 in
1334 1979 1527 2044 domo
1570 1979 1973 2065 praeferatur.
2068 1978 2336 2044 Electus
2365 2000 2522 2043 vero
2553 1980 2663 2044 vel
2709 1981 2900 2046 electi
2944 1981 3028 2046 ad

922 2082 1403 2146 intendendum
1435 2103 1634 2147 sacrae
1675 2080 2040 2166 theologiae,
2087 2081 2162 2144 in
2205 2085 2395 2146 sexto
2436 2102 2613 2146 anno
2658 2105 2797 2148 suae
2841 2084 3026 2148 audi-

922 2184 1124 2250 tionis
1190 2185 1593 2270 [theologiae]
1657 2189 1961 2270 opponat,
2027 2189 2097 2248 et
2156 2205 2276 2269 per
2336 2204 2547 2248 unum
2606 2206 2861 2250 annum
2920 2186 3027 2252 vel

922 2286 1101 2364 duos,
1133 2286 1191 2351 81
1236 2287 1546 2351 videatur
1588 2285 2050 2352 communitati
2097 2284 2422 2370 expedire,
2470 2292 2798 2371 opponat;
2845 2292 2911 2352 et
2953 2288 3027 2351 in

921 2410 1095 2454 nono
1147 2389 1255 2453 vel
1316 2390 1568 2454 decimo
1628 2410 1805 2454 anno
1864 2389 2109 2453 librum
2171 2388 2672 2454 Sententiarum
2716 2388 2907 2475 legat,
2956 2395 3027 2455 et

918 2490 991 2553 in
1036 2489 1418 2555 duodecimo
1464 2490 1573 2555 vel
1617 2490 2073 2555 tertiodecimo
2116 2511 2292 2555 anno
2337 2489 2411 2553 in
2441 2490 2670 2554 eadem
2713 2489 3022 2556 facultate

917 2591 1203 2675 incipere
1263 2596 1587 2669 teneatur,
1633 2591 1764 2655 nisi
1812 2613 1899 2656 ex
1945 2612 2141 2656 causa
2199 2590 2514 2677 legitima,
2578 2591 2690 2656 vel
2731 2592 3016 2670 honesta,

919 2691 1334 2776 impediatur.
1425 2691 1680 2756 Audiat
1740 2697 1811 2756 et
1870 2691 2184 2778 magister
2243 2690 2437 2756 dictae
2506 2692 2738 2756 domus
2797 2714 3022 2777 quam-

917 2814 1173 2877 cunque
1216 2791 1602 2858 facultatem
1647 2792 1958 2858 voluerit.
2083 2791 2192 2856 Sit
2238 2791 2439 2856 etiam
2482 2813 2798 2858 numerus
2841 2794 3022 2860 scho-

918 2896 1174 2974 larium,
1229 2916 1346 2980 pro
1392 2894 1760 2960 redditibus
1821 2893 1987 2958 meis
2032 2893 2227 2959 dictae
2288 2893 2513 2957 domui
2559 2894 3022 2980 eligendorum,

923 3000 1069 3083 [sex
1091 2999 1143 3082 2]
1190 3003 1285 3071 ut
1322 2996 1720 3083 praedicitur·
1727 3020 1743 3076 3
1804 3017 2087 3081 quorum
2134 2994 2419 3080 quilibet
2476 2996 2783 3062 undecim
2829 2999 3024 3064 dena-

919 3101 1050 3165 rios
1109 3122 1226 3185 per
1284 3120 1520 3164 manus
1587 3098 1690 3162 sui
1754 3096 2071 3183 magistri,
2119 3097 2229 3162 vel
2283 3118 2508 3162 eorum
2570 3099 2687 3183 qui
2733 3100 2819 3164 ad
2878 3123 3025 3187 pro-

919 3207 1158 3265 ventus
1204 3201 1399 3266 dictae
1446 3201 1676 3264 domus
1721 3199 2127 3284 recipiendos
2156 3198 2266 3263 vel
2309 3200 2734 3264 reservandos
2777 3201 3028 3267 fuerint

923 3301 1251 3385 deputati,
1306 3301 1675 3386 percipiat;
1743 3300 1845 3366 ita
1906 3305 2148 3378 tamen,
2213 3300 2393 3386 quod
2458 3301 2865 3387 singulorum
2924 3325 3026 3368 so-

919 3403 1166 3468 ciorum
1233 3423 1614 3481 communae,
1676 3401 1750 3465 in
1818 3401 1996 3468 dicta
2060 3403 2252 3466 domo
2316 3423 2402 3466 ex
2445 3401 2592 3467 aliis
2655 3403 3026 3469 redditibus

923 3505 1275 3581 venienteS,
1362 3502 1450 3566 ad
1510 3502 1820 3567 undecim
1890 3501 2190 3566 denarios
2270 3522 2387 3587 per
2466 3502 2766 3567 redditus
2846 3525 3025 3570 meos

921 3606 1266 3693 praedictos
1321 3608 1702 3689 augeantur.
1818 3603 1892 3668 Si
1960 3609 2181 3667 autem
2240 3602 2632 3667 victualium
2694 3603 3025 3670 caristiam

920 3707 1210 3774 accidere
1272 3705 1628 3790 contingat,
1677 3703 2087 3789 singulorum
2150 3702 2471 3767 sociorum
2535 3705 2729 3770 dictae
2788 3706 3023 3772 domus

920 3829 1300 3884 communae,
1347 3805 1705 3871 seeundum
1757 3804 2107 3870 arbitrium
2168 3805 2467 3891 magistri
2532 3811 2602 3870 et
2660 3809 3018 3872 communi·

921 3911 1099 3988 tatis,
1167 3910 1253 3974 ad
1321 3907 1694 3994 quindecim
1762 3905 2064 3970 denarios
2137 3904 2459 3970 inclusive
2525 3907 3016 3992 septimanatim

922 4016 1303 4079 accrescant.
1397 4009 1563 4075 Volo
1593 4013 1818 4073 autem
1851 4007 2029 4093 quod
2074 4006 2355 4091 quilibet
2399 4007 2725 4073 dictorum
2769 4010 3015 4076 schola-

916 4116 1090 4179 rium
1136 4118 1419 4199 quatuor
1440 4112 1738 4176 denarios
1782 4109 2105 4196 percipiat
2149 4130 2267 4193 pro
2299 4110 2682 4194 septimanis
2729 4113 3018 4177 maxime

916 4216 1187 4293 festivis,
1234 4215 1406 4280 sicut
1456 4215 1529 4277 in
1573 4212 1945 4297 septimana
1990 4209 2256 4275 Natalis
2301 4210 2571 4276 Domini
2619 4219 2687 4277 et
2731 4213 3012 4295 Paschae,

915 4323 984 4385 et
1027 4317 1175 4384 aliis
1236 4314 1697 4395 consimilibus,
1744 4314 1924 4381 ultra
1983 4313 2057 4379 id
2102 4314 2280 4400 quod
2340 4314 2590 4381 solebat
2650 4339 2766 4403 per
2809 4319 3012 4404 septi-

1136 5457 1149 5460 ῑ
1258 5404 3481 5817 “

1231 5473 1236 5476 2
3480 5471 3481 5479 1
