3592 5817
43 6 177 61 ‘⁸³

862 883 946 965 98
1233 910 1625 963 meus-mum
1671 908 2073 961 rma-mnu
2121 905 2602 959 DUNELMENSE.

529 1110 784 1155 A-D-1806-
863 1103 992 1161 clm
996 1145 1478 1161 ......
1561 1103 1833 1163 Rectoria
1858 1102 1931 1160 dc
1958 1101 2221 1163 Chatton
2324 1143 2340 1158 .
2418 1100 2510 1157 1⁸.

864 1194 1014 1253 lxxv
1034 1215 1107 1253 m.
1179 1238 1192 1253 .
1277 1238 1291 1253 .
1373 1239 1388 1253 .
1471 1238 1485 1253 .
1566 1194 1771 1253 Portio
1810 1192 2041 1253 vicariae
2079 1192 2342 1269 ejusdem
2423 1210 2551 1249 xxv
2568 1210 2613 1249 ε.

867 1308 954 1347 xx
977 1308 1034 1346 m
1036 1330 1481 1347 ......
1563 1288 1841 1347 Rectoria
1866 1288 1941 1345 de
1970 1284 2341 1363 Chcvelyng-
2414 1284 2477 1370 ‘vj
2500 1302 2546 1341 s.
2589 1282 2693 1358 viij
2718 1282 2777 1340 d.

1647 1381 1803 1438 ham.

868 1492 910 1531 x
933 1493 988 1531 m
992 1514 1480 1531 ......
1563 1471 1770 1529 Portio
1797 1470 2035 1529 vicarioe
2076 1470 2125 1546 ej
2136 1470 2337 1529 usdem
2420 1467 2482 1543 iij
2508 1488 2555 1526 ε.
2598 1466 2687 1543 iiij
2704 1465 2763 1525 d.

869 1586 952 1624 xv
973 1586 1029 1623 m
1034 1608 1486 1624 ......
1571 1564 1845 1623 Rectoria
1870 1565 1943 1621 de
1974 1561 2220 1623 Fenton’
2327 1603 2343 1620 .
2426 1581 2464 1619 v
2482 1580 2530 1618 s.

868 1676 1074 1717 xxxm
1077 1699 1484 1715 .....
1570 1656 1843 1714 Rectoria
1868 1655 1943 1713 de
1972 1654 2273 1713 Wollourc
2328 1697 2343 1712 .
2424 1672 2467 1711 x
2484 1672 2531 1710 s.

867 1750 922 1827 vj
945 1770 1002 1808 m
1005 1790 1490 1809 ......
1571 1746 1778 1805 Portio
1804 1748 2017 1823 prioris
2044 1748 2116 1805 (le
2144 1748 2346 1825 Tyne-
2426 1744 2463 1819 ij
2485 1763 2530 1803 ε.

1651 1840 1865 1898 mouth
1890 1841 1949 1897 in
1980 1840 2201 1897 cadem.

871 1935 975 1994 xlv
991 1955 1069 1993 m.
1180 1975 1192 1990 .
1278 1976 1292 1989 .
1375 1974 1390 1990 .
1473 1976 1487 1990 .
1571 1932 1849 1991 Rectoria
1876 1932 1949 1989 de
1978 1931 2346 2009 Ellyngham
2428 1950 2508 1987 xv
2529 1950 2578 1989 s.
2700 1994 2711 2001 ‚

874 2046 916 2084 x
937 2046 994 2083 m
997 2067 1493 2085 ......
1576 2025 1786 2081 Portio
1814 2024 2047 2083 vicariae
2090 2024 2349 2099 ejusdem
2430 2022 2490 2097 iij
2518 2040 2566 2079 s.
2606 2019 2691 2097 iiij
2714 2022 2771 2079 d.

875 2117 1080 2176 cccxlv
1106 2136 1180 2175 m.
1275 2116 1338 2173 ix
1369 2136 1412 2175 ε.
1577 2116 1855 2174 Rectoria
1958 2117 2031 2174 de
2132 2116 2352 2173 Baum-
2434 2134 2551 2173 cxv
2590 2134 2635 2173 ε.
2695 2112 2735 2187 ij
2770 2113 2836 2175 d.
2883 2110 2971 2170 ob.

954 2207 1038 2284 iiij
1063 2208 1123 2267 d.
1657 2208 1883 2284 burgh’.
1996 2222 1999 2229 ·
2507 2226 2607 2283 qu.

875 2302 978 2359 lm
977 2340 1491 2359 ......
1575 2299 1787 2358 Portio
1834 2298 2037 2359 Sancti
2092 2298 2251 2360 sixti
2290 2300 2352 2357 in
2434 2298 2535 2374 xvj
2564 2318 2611 2357 ε.
2652 2296 2757 2374 viij
2781 2292 2839 2354 cl.

1655 2392 1875 2451 eadem.
2215 2392 2220 2397 ’

1583 2483 1826 2544 Summa
1932 2526 2349 2543 .....

627 2717 660 2761 r.
677 2718 767 2763 2⁶7.
891 2708 1250 2771 Decanatue
1283 2709 1731 2770 Dunolmensis.
1808 2708 2073 2769 Tua-atio
2100 2710 2299 2769 Nova.
2538 2710 2815 2769 Decima.

874 2817 969 2877 De
1023 2793 1265 2875 adelesia
1311 2817 1385 2876 de
1441 2816 1652 2878 cates·
1731 2816 1788 2892 vj
1816 2815 1878 2875 ιε.
1920 2815 2025 2892 xiij
2046 2836 2093 2876 s.
2136 2816 2220 2891 iiij
2238 2816 2303 2877 d.
2336 2860 2351 2875 .
2432 2815 2537 2892 xiij
2561 2835 2608 2875 ε.
2651 2814 2733 2891 iiij
2755 2817 2813 2874 d.

951 2908 1178 2969 heved'.

871 2998 968 3063 De
1010 3001 1259 3060 eeclesia
1297 3001 1372 3059 de
1409 3000 1650 3061 Jarowe
1733 2999 1878 3077 xxvj
1908 3000 1972 3060 li.
1992 3000 2099 3077 xiij
2122 3020 2167 3061 s.
2187 3000 2272 3079 iiij
2294 3002 2351 3061 d.
2433 3000 2517 3077 liij
2544 3020 2588 3060 ε.
2628 3000 2716 3078 iiij
2742 3002 2801 3067 d.

873 3107 970 3165 De
995 3105 1240 3165 ecclesia
1265 3094 1588 3165 de'Bolton
1633 3150 1647 3165 .
1732 3106 1835 3179 xvj
1866 3107 1927 3164 li.
1955 3106 2061 3182 xiij
2088 3126 2135 3166 ε.
2178 3106 2265 3183 iiij
2288 3108 2345 3165 d.
2428 3108 2625 3185 xxxiij
2648 3128 2693 3168 ε.
2731 3109 2815 3187 iiij
2837 3110 2894 3168 d.

874 3210 968 3270 De
1036 3211 1282 3271 ecclesia
1347 3211 1421 3271 de
1483 3212 1652 3272 Wes·
1731 3211 1862 3288 xxij
1892 3211 1955 3272 li.
1998 3231 2041 3271 x
2063 3231 2111 3271 ε.
2142 3255 2156 3270 .
2241 3254 2255 3271 .
2336 3254 2353 3273 .
2436 3214 2539 3273 xlv
2554 3233 2604 3272 s.

863 3326 874 3341 ·
953 3306 1248 3382 syngton'.

873 3390 968 3457 De
1036 3396 1282 3456 eeclesia
1348 3396 1423 3455 de
1479 3396 1652 3455 Wcr·
1733 3390 1839 3473 xiij
1868 3396 1931 3457 li.
1960 3394 2017 3471 vj
2038 3416 2084 3456 s.
2121 3392 2225 3472 viij
2250 3397 2307 3457 d.
2332 3442 2347 3457 .
2430 3399 2579 3475 xxvj
2604 3420 2653 3459 s.
2698 3400 2801 3478 viij
2824 3392 2881 3461 d.

952 3490 1120 3548 muth
1153 3488 1596 3549 Monachorum.
2728 3504 2739 3515 ·

874 3578 968 3641 De
1022 3581 1270 3641 ecelesia
1323 3582 1397 3639 de
1459 3580 1651 3641 whit-
1734 3582 1886 3659 xxvj
1904 3580 1966 3643 li.
1998 3580 2106 3659 xiij
2121 3603 2169 3643 ε.
2199 3576 2349 3660 iiijd.
2432 3582 2513 3661 liij
2536 3604 2581 3646 ε.
2610 3586 2695 3663 iiij
2719 3587 2779 3647 d.

951 3675 1152 3733 berne.

874 3764 970 3824 De
1037 3764 1286 3824 ecclesia
1351 3767 1425 3826 de
1489 3765 1655 3825 Wer·
1734 3766 1799 3843 lij
1824 3767 1886 3827 li.
1922 3766 2026 3846 xiij
2047 3786 2094 3828 ε.
2122 3769 2211 3845 iiij
2235 3770 2293 3831 d.
2338 3814 2352 3830 .
2436 3789 2508 3830 cv
2533 3790 2579 3831 s.
2608 3770 2691 3847 iiij
2711 3771 2769 3831 d.

955 3858 1142 3935 muth'
1171 3858 1476 3935 Episcopi.
2110 3910 2124 3921 „

875 3950 972 4010 De
1000 3950 1250 4009 ecclesia
1275 3952 1348 4009 de
1380 3950 1598 4011 Scham
1627 3982 1654 3999 ·
1733 3952 1841 4028 xvj
1860 3952 1921 4015 li.
2046 3997 2061 4013 .
2144 3998 2159 4015 .
2244 3998 2258 4015 .
2342 4000 2358 4015 .
2440 3957 2615 4034 xxxij
2636 3978 2684 4017 s.

875 4054 970 4115 Dc
1011 4054 1274 4137 eccleciae⁸
1313 4054 1389 4113 de
1445 4056 1654 4133 Hogh·
1733 4056 1845 4116 lli.
1937 4103 1951 4119 .
2038 4104 2054 4119 .
2137 4104 2151 4119 .
2244 4103 2259 4119 .
2342 4105 2359 4120 .
2440 4081 2545 4121 cs.

948 4148 1089 4207 ton’.

869 4240 964 4301 Βθ
992 4241 1240 4303 ecclesia
1275 4241 1348 4301 de
1387 4240 1647 4321 Petyng-
1731 4244 1835 4319 xvj
1861 4243 1921 4305 li.
1960 4246 2067 4323 xiij
2088 4267 2135 4307 s.
2176 4247 2263 4325 iiij
2292 4249 2351 4309 d.
2436 4251 2630 4331 xxxiij
2652 4272 2700 4313 s.
2729 4252 2815 4329 iiij
2838 4254 2895 4310 d.

866 4340 1211 4484 Dettlicaria
1237 4422 1502 4500 ejusdcin
1531 4466 1546 4484 .
1631 4470 1646 4485 .
1727 4447 1817 4487 xx
1839 4448 1870 4487 8
1870 4470 2345 4493 ......
2430 4434 2470 4509 ij
2496 4455 2544 4494 s.

867 4515 962 4575 De
1003 4517 1254 4575 ecclesia.
1292 4516 1367 4576 de
1414 4518 1646 4596 Esyng-
1731 4519 1820 4596 liij
1848 4520 1896 4579 12·
1899 4563 2349 4585 ......
2434 4528 2523 4603 cvj
2547 4549 2593 4587 ε.

947 4610 1088 4667 tou’.

861 4698 958 4809 Dc
1006 4701 1254 4853 θξνοέῧεία
1299 4701 1372 4761 de
1420 4702 1644 4762 Dalton
1724 4704 1831 4783 xiij
1854 4704 1917 4765 li.
1958 4707 2042 4785 vj.
2066 4729 2112 4769 s,
2159 4710 2262 4786 viij
2287 4712 2344 4770 d.
2428 4714 2578 4790 xxvj
2604 4734 2651 4775 ε.
2694 4715 2803 4793 viij
2826 4716 2883 4778 cl.

941 4812 999 4851 m
1177 4811 1227 4852 e.

2987 1092 3075 1136 An.
3093 1095 3145 1137 ω
3160 1092 3247 1137 nd.
3260 1076 3319 1135 1:
