3592 5817
923 825 1052 890 264
1285 835 1679 890 REGISTRUM
1726 835 2129 891 PALATINUM
2177 835 2661 891 lausanense,

615 1045 858 1094 A.1).1³³9.
918 1045 1006 1092 an
1051 1024 1378 1092 Hem-icus
1423 1024 1504 1091 de
1550 1025 1842 1103 Burton’,
1888 1027 1973 1092 aad
2018 1024 2591 1112 praesentationem
2636 1025 2879 1114 Rogeri
2944 1027 3027 1092 de

921 1127 1211 1214 Sayton',
1259 1129 1590 1214 quondam
1651 1129 1953 1215 magistri
2004 1128 2350 1215 hospitalis
2414 1129 2731 1215 praedicti,
2778 1130 3026 1216 praede-

921 1231 1188 1295 cessoris
1257 1230 1558 1315 praedicti
1603 1231 1891 1317 episcopi
1954 1251 2145 1308 nunc,
2192 1235 2273 1296 ut
2334 1231 2417 1295 de
2477 1231 2625 1316 jure
2677 1231 3031 1318 hospitalis

922 1332 1238 1417 praedicti,
1283 1333 1373 1397 ad
1418 1333 1691 1397 eandem
1721 1332 2037 1398 vicariam
2081 1353 2125 1397 u.
2166 1331 2455 1398 Roberto
2502 1334 2584 1398 de
2614 1331 3025 1420 Halyeland'‚

928 1436 1392 1520 praedecessore
1481 1441 1722 1512 nostro,
1798 1435 2123 1500 admissus
2196 1435 2413 1514 fuerit,
2506 1441 2574 1502 et
2662 1437 3026 1514 institutus²

924 1559 1166 1618 necne;
1209 1543 1278 1604 et
1321 1538 1378 1602 si
1425 1538 1531 1615 sie,
1579 1544 1741 1604 tunc
1783 1537 2084 1624 qualiter,
2132 1541 2200 1601 et
2244 1537 2483 1622 quibus
2513 1539 2707 1605 modo
2753 1545 2823 1604 et
2864 1545 3028 1604 tem-

923 1641 1206 1727 poribus,
1239 1640 1776 1727 praesentationes
1822 1639 1957 1704 illae
2000 1639 2193 1704 factae
2237 1639 2522 1718 fuerunt,
2554 1639 2624 1706 et
2669 1642 2751 1706 de
2780 1643 3031 1707 eaeteris

923 1745 1219 1810 articulis
1286 1743 1627 1829 negotium
1699 1740 1867 1807 illud
1930 1742 2467 1827 contingentibus
2536 1743 2795 1828 plenius
2860 1744 3028 1808 veri-

927 1853 1152 1925 tatem,
1198 1845 1326 1911 tibi
1373 1845 1803 1932 praecepimus
1856 1844 2033 1929 quod
2078 1845 2164 1909 ad
2210 1849 2419 1910 certos
2466 1845 2641 1910 diem
2686 1851 2755 1911 et
2800 1846 3027 1924 locum,

926 1969 1090 2034 quos
1163 1948 1365 2013 iidem
1433 1947 1480 2012 J
1481 1947 1788 2023 ohannes,
1856 1934 2155 2023 Thomas,
2222 1945 2295 2012 et‘
2354 1945 2653 2024 Thomas,
2718 1946 2824 2012 vel
2901 1948 3033 2013 duo

926 2053 1168 2129 eorum,
1213 2051 1340 2116 tibi
1385 2049 1548 2116 scire
1613 2047 1878 2125 faciant,
1940 2048 2167 2112 venire
2211 2047 2414 2113 facias
2482 2069 2699 2114 coram
2768 2049 2879 2127 eis,
2922 2050 3031 2114 vel

927 2153 1184 2219 duobus
1230 2167 1469 2228 eorum,
1517 2154 1622 2215 tot
1687 2155 1756 2214 et
1801 2148 1965 2213 tales
2035 2149 2271 2235 probos
2316 2156 2386 2214 et
2428 2149 2669 2236 legales
2736 2150 3031 2216 homines

929 2257 1010 2322 de
1055 2253 1305 2321 ballivo.
1347 2259 1482 2330 tua,-
1515 2273 1631 2337 per
1675 2271 1839 2336 quos
1882 2251 1979 2315 rei
2009 2251 2254 2316 veritas
2300 2251 2373 2314 in
2416 2251 2768 2337 praemissis
2798 2252 3031 2316 melius

928 2358 1078 2424 sciri
1141 2355 1402 2442 poterit,
1450 2358 1519 2419 et
1584 2351 1847 2437 inquiri.
1951 2350 2040 2416 Et
2106 2356 2183 2416 tu
2252 2352 2393 2437 ipse
2452 2352 2865 2437 inquisitioni
2934 2353 3031 2416 illi

927 2457 1260 2548 capiendae
1290 2456 1718 2545 personaliter
1757 2455 2041 2532 intersis,
2072 2454 2364 2539 praefatis
2394 2453 2440 2518 J
2440 2454 2702 2532 ohanni,
2748 2455 3029 2532 Thomna,

929 2569 998 2628 et
1044 2561 1328 2638 Thomae,
1375 2561 1448 2624 in
1493 2555 1818 2626 auxilium
1864 2557 2243 2622 assistendo,
2338 2557 2427 2621 Et
2470 2555 2711 2622 habeas
2772 2557 2867 2621 ibi
2912 2557 3033 2622 hoc

929 2667 1141 2730 breve.
1233 2663 1484 2728 Datum
1515 2660 1846 2737 Dunelmi,
1894 2679 2011 2745 per
2039 2679 2272 2724 manus
2320 2659 2624 2724 Nicholai
2658 2659 3030 2746 Gategang’,
3090 2675 3095 2680 “

929 2766 1146 2832 clerici
1191 2765 1416 2842 nostri,
1463 2764 1631 2828 viiio.
1681 2761 1788 2830 dic
1836 2761 2099 2849 Aprilis,
2138 2783 2315 2828 anno
2358 2762 2782 2848 pontificatus
2826 2763 3032 2831 nostri

930 2873 1134 2934 sexto,

595 3081 911 3184 ivggighffiigffi
931 3111 1094 3162 Aliud
1155 3112 1310 3160 breve
1554 3074 1600 3139 J
1602 3076 1890 3140 ohannes
1951 3077 2032 3140 de
2098 3073 2537 3161 Wyteherche
2598 3079 2668 3142 et
2712 3077 2870 3144 socii
2914 3079 3030 3156 sui,

591 3185 890 3286 fflssissffessg?
933 3193 1081 3244 super
1103 3179 1296 3228 eodem-
1465 3177 1550 3242 ad
1595 3178 1947 3262 quamdam
1995 3178 2488 3262 inquisitionem
2535 3201 2729 3265 super
2759 3181 3031 3246 advoca-

597 3295 670 3328 on.

930 3279 1110 3346 tione
1154 3276 1419 3346 vicariae
1488 3278 1772 3344 ecclesiae
1843 3279 1926 3342 de
1994 3277 2304 3356 Kellawe,
2352 3301 2469 3366 per
2520 3280 2718 3346 breve
2786 3283 3033 3348 domini

931 3382 1229 3469 episcopi,
1292 3381 1366 3444 in
1429 3381 1749 3445 comitatu
1826 3379 2155 3457 Dunelmi,
2224 3381 2623 3468 capiendam,
2700 3385 3031 3470 assignati,

929 3483 1300 3552 vicecomiti
1345 3483 1792 3560 Dunelmensi‚
1842 3481 2136 3548 salutem.
2231 3484 2335 3548 Ex
2381 3489 2566 3570 parte
2604 3485 2854 3550 domini
2900 3488 3032 3572 epi-

930 3587 1123 3672 scopi,
1171 3584 1299 3650 tibi
1351 3585 1740 3650 mandamus
1809 3585 1985 3670 quod
2030 3585 2255 3650 venire
2299 3586 2497 3652 facias
2545 3577 2783 3653 'coram
2828 3587 3032 3666 nobie,

929 3688 1107 3774 apud
1175 3685 1596 3765 Dunelmum,
1643 3687 1750 3752 die
1820 3687 2025 3752 Lunae
2070 3687 2141 3752 in
2209 3688 2578 3773 septimana.
2622 3689 3032 3757 Pentecostes

931 3793 1035 3854 tot
1079 3792 1147 3853 et
1193 3787 1372 3865 talete,
1420 3793 1560 3854 tam
1629 3788 1873 3854 milites
1920 3811 2118 3875 quam
2182 3789 2344 3854 alios
2390 3791 2627 3856 liberos
2683 3797 2752 3858 et
2796 3791 3031 3879 legales

928 3889 1226 3956 homines
1271 3890 1355 3954 de
1418 3889 1666 3955 ballivo.
1733 3896 1867 3968 tua,
1937 3913 2053 3976 per
2098 3913 2259 3976 quos
2326 3893 2423 3957 rei
2487 3894 2732 3960 veritas
2799 3894 3031 3959 melius

928 3993 1080 4062 sciri
1123 3991 1382 4078 poterit,
1431 3996 1500 4056 et
1545 3992 1661 4077 qui
1707 3990 2027 4058 Thomam
2072 3993 2154 4057 de
2201 3993 2595 4072 Hessewell’‚
2642 3997 3029 4082 magistrum

927 4093 1271 4181 hospitalis
1349 4092 1610 4160 Sanctae
1687 4093 1914 4159 Mariae
1992 4095 2415 4180 Magdalenae,
2493 4096 2575 4161 de
2652 4097 3027 4177 Shirburne,

927 4197 1114 4262 nulla
1187 4193 1508 4262 affinitate
1571 4195 1952 4282 attingant3
2020 4197 2106 4262 ad
2181 4199 2769 4284 recognoscendum
2837 4220 3031 4287 super

927 4306 1410 4366 sacramentum
1440 4319 1650 4378 suum,
1684 4299 1740 4363 si
1787 4299 2059 4384 quidam
2104 4299 2435 4366 Amaldus
2468 4302 2550 4367 de
2596 4301 2913 4389 CognacO,
2944 4303 3029 4369 ad

928 4402 1500 4488 praesent-,ationem
1553 4402 1895 4487 cujusdam
1942 4403 2171 4467 Garini
2228 4401 2456 4483 Godet,
2505 4407 2834 4491 quondam
2894 4427 3028 4471 ma-

927 4505 1118 4590 gistri
1164 4504 1508 4590 hospitalis
1552 4505 1870 4590 praedicti,
1917 4505 2400 4591 praedecessoris
2447 4507 2747 4595 praedicti
2791 4509 3027 4594 magis-

789 4655 794 4662 .
928 4605 1018 4668 tri
1063 4624 1254 4681 nunc,
1302 4611 1379 4669 ut
1424 4606 1505 4670 de
1542 4606 1692 4690 jure
1749 4606 2042 4691 ejusdem
2093 4607 2451 4693 hospitalis
2500 4610 2584 4674 ad
2646 4611 3026 4694 praedictam

927 4706 1240 4772 vicariam
1269 4727 1310 4772 a
1355 4705 1674 4792 Philippo,
1724 4708 1975 4772 dudum
2022 4709 2319 4794 episcopo
2372 4708 2816 4788 Dunelmensi‚
2864 4733 3027 4798 prae—
