3592 5817
908 903 1304 954 scammum
1350 901 1753 952 munuum
1798 901 2286 956 nmunmsu.
2523 887 2652 970 523

494 1053 507 1062 “
551 1089 852 1169 Andreae,
900 1086 1094 1156 Beati
1139 1091 1185 1156 J
1186 1089 1479 1168 ohannis
1512 1095 1597 1168 et,
1627 1088 1857 1155 Sancti
1902 1085 2170 1154 Thomae
2201 1087 2548 1172 .MartyriS,
2580 1087 2654 1151 in
2713 1092 2960 1139 A.D.1us.

440 1231 448 1234 -
554 1192 823 1258 ecclesia
886 1191 1114 1259 Sancti
1182 1193 1250 1256 N
1251 1191 1491 1258 icholai
1535 1193 1870 1278 praedicta,
1934 1191 2041 1256 die
2106 1189 2343 1255 Martis
2405 1189 2674 1255 dictam-

554 1295 729 1360 diem
806 1296 1013 1360 Lunae
1071 1296 1371 1381 proximo
1434 1295 1773 1379 sequenti3
1847 1293 2329 1360 visitationem
2360 1297 2654 1358 nostram

835 1447 849 1461 .
910 1398 982 1461 in
1048 1397 1261 1462 forma
1334 1396 1647 1462 canonica
1712 1396 2237 1483 impendendam,
2307 1417 2457 1462 cum
2503 1417 2654 1462 con-
2735 1485 2738 1488 ἡ

552 1447 925 1564 tinuatione
970 1503 1042 1564 et
1085 1499 1541 1586 prorogatione
1610 1498 1866 1564 dierum
1911 1499 2467 1586 subsequentium,
2515 1521 2655 1564 sus-

552 1601 822 1688 cepturi,
855 1605 923 1665 et
966 1601 1314 1670 actualiter
1354 1601 1660 1680 subituri,
1688 1601 1911 1668 omnia
1956 1622 2107 1687 quae
2151 1602 2546 1667 incumbunt
2589 1607 2658 1666 et

551 1701 639 1766 ad
705 1701 1154 1768 visitationem
1199 1702 1549 1789 pertinent,
1594 1703 1835 1770 facturi
1888 1707 1957 1768 et
2001 1701 2380 1780 exhibituri,
2427 1709 2655 1769 tenen-

554 1809 785 1890 tesque
844 1805 1161 1870 beneficia
1234 1806 1669 1872 ecclesiastica
1759 1856 1774 1869 .
1871 1857 1884 1870 .
1977 1857 1991 1870 .
2083 1855 2098 1870 .
2191 1855 2206 1870 .
2278 1825 2356 1870 ac
2427 1795 2653 1870 literas

555 1927 821 1970 suorum
890 1907 1195 1972 ordinum
1270 1957 1804 1973 ......
1882 1906 2201 1993 capellani
2255 1912 2325 1972 et
2367 1906 2656 1971 ministri

555 2007 629 2071 in
692 2007 889 2073 sacris
974 2008 1337 2085 constituti,
1413 2008 1639 2076 literas
1714 2008 2020 2074 ordinum
2087 2029 2372 2086 suorum,
2435 2029 2654 2074 conse-
2705 2033 2712 2040 ⁸

556 2110 923 2175 crationum
970 2129 1242 2176 suarum
1306 2131 1382 2176 ac
1428 2162 1441 2176 .
1516 2160 1532 2176 .
1734 2161 1747 2175 .
1829 2131 2100 2196 ..per
2151 2131 2220 2175 se
2249 2110 2656 2177 habentium

556 2262 569 2277 .
663 2261 676 2276 .
770 2261 785 2276 .
840 2230 892 2276 ’.
984 2263 997 2276 .
1090 2263 1105 2278 .
1187 2213 1315 2276 rite
1338 2204 1725 2279 exhibituri
1789 2216 1858 2277 et
1921 2161 2276 2289 ostensuri,
2346 2212 2654 2287 ulterius-

558 2335 683 2400 que
731 2314 969 2380 factmi
999 2319 1069 2379 et
1098 2315 1438 2400 recepturi,
1473 2315 1652 2400 quod
1680 2313 1968 2400 qualitas
2012 2313 2394 2399 hujusmodi
2423 2315 2656 2378 visita-

557 2416 759 2480 tionis
803 2421 1063 2493 nostrae,
1110 2422 1180 2482 et
1222 2421 1479 2492 natura,
1510 2413 1721 2502 exigit
1767 2421 1837 2480 et
1877 2416 2173 2500 requirit.
2266 2416 2660 2481 Mandamus

559 2515 761 2582 etiam
805 2518 1010 2595 vobiS‚
1046 2518 1359 2602 quatinus
1411 2519 1786 2604 priorissam
1836 2523 1906 2582 et
1949 2523 2357 2582 conventum
2402 2539 2659 2582 monas-

560 2617 712 2684 terii
758 2619 1145 2684 monialium
1200 2617 1427 2684 Sancti
1481 2619 1759 2684 Martini
1796 2618 1870 2682 in
1899 2618 2063 2683 villa
2093 2619 2274 2687 Novi
2325 2619 2558 2696 Castri,
2591 2624 2662 2685 et

558 2719 851 2806 singulas
896 2743 1143 2786 sorores
1190 2720 1481 2807 ejusdem
1528 2715 1908 2798 conventus,
1942 2721 2162 2786 citetis
2208 2722 2658 2808 peremptorie,

559 2843 675 2888 seu
729 2822 918 2889 citari
976 2823 1251 2900 faciatis,
1322 2824 1511 2908 quod,
1584 2823 1691 2890 die
1760 2822 2068 2889 Mercurii
2136 2823 2438 2909 proxima
2511 2829 2663 2909 post

560 2925 805 2990 festum
851 2925 1338 2990 Purificationis
1385 2925 1611 3012 Beatae
1656 2924 1906 2990 -Mariae
1965 2925 2266 3010 proxime
2338 2917 2660 3002 futurum,

558 3046 775 3091 coram
826 3025 1033 3104 nobiS,
1078 3047 1198 3091 seu
1243 3025 1682 3091 commissario
1727 3027 1838 3090 vel
1903 3026 2361 3092 commissariis
2405 3026 2663 3104 nostris,

558 3129 631 3192 in
676 3128 945 3194 ecclesia
987 3128 1367 3194 monasterii
1413 3129 1517 3193 sui
1562 3129 1884 3214 praedicti,
1911 3134 2331 3215 compareant
2357 3149 2664 3215 persona-

560 3228 749 3309 liter;
778 3230 1226 3295 visitationem
1256 3235 1565 3308 nostram,
1590 3231 1949 3296 secundum
1981 3231 2256 3295 formam
2287 3232 2664 3297 canonicam

562 3330 1086 3416 impendendam]
1151 3336 1566 3418 suscepturae,
1631 3337 1715 3410 et,
1777 3353 1927 3397 cum
2004 3353 2084 3397 ea
2159 3353 2290 3417 qua
2357 3333 2668 3400 convenit

563 3434 948 3511 reverentia,
996 3433 1341 3500 actualiter
1409 3433 1743 3512 subiturae,
1789 3431 2199 3518 ulteriusque
2266 3433 2538 3516 facturae
2598 3441 2669 3500 et

564 3540 939 3620 recepturae,
988 3536 1163 3620 quod
1207 3535 1410 3600 fuerit
1500 3585 1514 3602 .
1558 3595 1563 3600 .
1607 3586 1620 3601 .
1715 3586 1730 3600 .
1829 3588 1840 3602 .
1909 3587 1921 3600 .
1970 3537 2284 3601 terminos
2313 3557 2472 3602 vero
2501 3559 2666 3624 prae-

568 3637 793 3714 dictos,
824 3642 1093 3722 propter
1135 3638 1506 3703 animarum
1553 3637 1856 3715 salutem,
1902 3643 1972 3702 et
2014 3657 2100 3702 ne
2130 3638 2519 3704 exercitium
2556 3639 2666 3724 ju-

568 3737 966 3804 risdictionis
1012 3739 1395 3804 inferiorum
1439 3744 1814 3805 nostrorum
1859 3740 2010 3826 plus
2074 3740 2298 3806 debito
2365 3745 2670 3807 teneatur

568 3842 642 3905 in
710 3857 1041 3927 suspensO,
1118 3841 1345 3906 taliter
1421 3840 1736 3906 duximus
1794 3842 2262 3908 'moderandos
2382 3842 2485 3908 De
2561 3843 2670 3910 die

568 3965 727 4008 vero
769 3942 1159 4028 receptionis
1204 3943 1645 4029 praesentium,
1690 3948 1760 4008 et
1807 3944 1887 4008 de
1933 3944 2114 4008 omni
2160 3965 2236 4009 eo
2282 3946 2459 4030 quod
2502 3946 2668 4012 fece-

568 4045 718 4111 ritis
761 4047 834 4109 in
878 4040 1247 4130 piaemissiS,
1293 4066 1410 4130 per
1454 4045 1617 4110 duos
1665 4044 1816 4110 dies
1849 4045 2016 4112 citra
2067 4047 2311 4112 festum
2356 4047 2668 4114 Purifica-

564 4148 767 4214 tionis
813 4147 1037 4212 Beatae
1068 4146 1295 4212 Mariae
1340 4147 1639 4232 proximo
1684 4147 1944 4226 futurae,
1990 4170 2109 4234 per
2151 4148 2375 4214 literas
2416 4155 2668 4215 vestras

568 4255 887 4336 patentes,
933 4250 1171 4316 harum
1234 4250 1465 4315 seriem
1528 4249 1956 4328 continentes,
2001 4271 2120 4315 nos
2177 4250 2472 4316 reddatis
2535 4273 2668 4318 cer-

566 4353 781 4418 tiores.
850 4351 1052 4418 ·Vale.
1144 4351 1395 4420 Datum
1441 4350 1776 4430 Dunolmi,
1821 4352 1944 4415 ixo.
1992 4352 2098 4417 die
2144 4352 2190 4417 J
2191 4352 2463 4432 aunarii,
2495 4373 2669 4419 anno

572 4454 845 4520 Domini
890 4471 962 4518 M.
1011 4475 1130 4520 ccc.
1176 4453 1333 4532 xlii„
1378 4474 1456 4519 ac
1500 4453 2002 4519 consecrationis
2046 4459 2289 4520 nostrae
2332 4453 2550 4522 nono.1
2615 4513 2620 4518 .

1188 4613 1272 4618 ——--
1301 4613 1371 4618 ---
1431 4610 1911 4618 ——-----—---—---—-—
1948 4613 1983 4617 --
2121 4613 2469 4620 „m-d--fi——q-

638 4683 651 4715 ¹
688 4683 836 4732 Folio
862 4687 957 4732 366
975 4683 1025 4730 b.
1051 4683 1095 4730 is
1118 4681 1173 4734 iu
1197 4697 1351 4745 many
1376 4683 1545 4745 places
1586 4681 1725 4745 quite
1768 4679 2008 4744 illegible,
2033 4683 2134 4730 and
2157 4679 2278 4729 with
2302 4681 2405 4730 this
2446 4681 2552 4731 leaf
2583 4682 2670 4732 the

568 4761 684 4838 MS.
708 4763 832 4811 ends
856 4760 1109 4825 abruptly.
