3592 5817
634 1078 747 1123 Ad).
762 1081 879 1123 1841.

936 866 1069 928 402
1300 880 1697 931 smmi-sum
1742 880 2150 931 PALATINUM
2193 882 2682 933 DUNELMENSE.

935 1068 1127 1154 ginta
1170 1068 1525 1132 solidorum
1556 1068 1637 1133 de
1668 1067 1992 1133 fructibus
2023 1073 2093 1133 et
2121 1069 2490 1135 redditibus
2522 1070 2719 1135 dictae
2749 1070 3058 1136 ecclesiae·

938 1170 1017 1233 de
1064 1169 1556 1246 Mikelbenton',
1588 1190 1737 1254 quse
1783 1191 1826 1234 a
1867 1175 2160 1254 tempore
2205 1171 2765 1256 appropriationis
2808 1172 3042 1257 hujus-

936 1271 1115 1335 modi
1160 1291 1295 1335 non
1336 1270 1617 1347 vacabit,
1670 1270 1766 1355 (et
1828 1292 2108 1356 quorum
2171 1270 2327 1336 xxti.
2361 1294 2408 1338 s.
2474 1274 2780 1359 episcopo
2849 1273 3040 1338 Dun-

938 1372 1229 1449 olmensi,
1276 1372 1391 1456 qui
1437 1394 1555 1457 pro
1600 1377 1892 1456 tempore
1937 1372 2154 1449 fuerit,
2223 1394 2300 1439 ac
2364 1387 2532 1438 xm.
2557 1372 2774 1439 'sohdj
2835 1375 3049 1460 priori-

938 1480 1007 1539 et
1054 1474 1340 1560 capitulo
1386 1473 1836 1551 Dunolmensi‚
1883 1496 2002 1559 per
2045 1474 2255 1539 dictos
2298 1476 2689 1560 magistrum
2734 1481 2805 1540 et
2851 1475 3040 1541 scho-

936 1576 1121 1653 lares,
1166 1597 1521 1660 eorumque
1588 1596 1998 1652 successores,
2062 1576 2151 1640 ad
2216 1576 2384 1641 duos
2458 1578 2618 1641 anni
2696 1578 3040 1654 terminoe,

938 1679 1263 1756 videlicet,
1308 1678 1397 1742 ad
1440 1677 1609 1743 festa
1653 1676 1918 1742 Natalis
1961 1676 2234 1741 Domini
2280 1682 2349 1742 et
2394 1677 2796 1743 Nativitatis
2847 1680 3040 1744 Beati

939 1786 987 1850 J
989 1783 1265 1849 ohannis
1310 1779 1649 1865 Baptistae,
1696 1800 1814 1863 per
1855 1777 2140 1863 aequales
2185 1779 2533 1863 portiones„
2577 1780 2770 1845 annis
2817 1780 3040 1865 singu-

936 1886 1021 1949 lis
1050 1882 1435 1966 solvantur,)
1468 1879 1837 1965 specialiter
1865 1900 2274 1946 reservamus
2299 1905 2316 1959 ;
2359 1893 2435 1947 ac
2481 1881 2734 1946 dictum
2769 1903 3038 1947 censum

939 2006 1251 2060 annuum,
1280 2004 1399 2046 seu
1426 1982 1806 2066 pensionem
1837 1972 2127 2046 annuam
2171 1981 2452 2068 triginta
2479 1982 2838 2047 solidorum
2871 2004 3040 2067 prae—

940 2086 1201 2162 dictam,
1270 2087 1619 2169 postquam
1688 2082 1851 2146 dicti
1911 2082 2228 2167 magister
2299 2088 2370 2147 et
2437 2082 2761 2149 scholares
2833 2084 3044 2169 ipsius

938 2185 1225 2252 ecelesiae
1288 2185 1368 2249 de
1433 2181 1908 2247 Mikelbenton'
1955 2184 2354 2269 corporalem
2399 2185 2876 2270 possessionem
2919 2184 3038 2251 ha-

937 2286 1223 2363 buerint,
1268 2285 1649 2368 fructusque
1712 2283 2005 2368 ejusdem
2067 2284 2351 2350 ecclesiae
2419 2284 2500 2349 de
2545 2285 3038 2363 Mikelbenton’,

938 2393 1089 2474 post
1134 2388 1391 2452 obitum
1421 2384 1689 2451 rectoris
1734 2385 1930 2452 dictae
1975 2385 2277 2463 ecclesiae,
2325 2385 2441 2470 qui
2483 2406 2666 2451 nunc
2691 2391 2809 2462 est,
2839 2386 3042 2451 libere

940 2497 1011 2556 et
1053 2489 1321 2577 pacifice
1363 2487 1789 2573 perceperint,
1837 2487 1920 2551 de
1967 2487 2196 2552 eadem
2247 2486 2601 2553 indicimus
2645 2493 2716 2552 et
2761 2487 3040 2573 imponi-

938 2614 1103 2669 mus,
1148 2597 1219 2655 et
1262 2588 1453 2652 ilium
1498 2610 1763 2653 censum
1810 2608 2124 2666 annuum,
2169 2609 2286 2652 seu
2329 2588 2709 2673 pensionem
2753 2610 3042 2654 annuam

939 2692 1398 2777 supradictam,
1429 2690 1675 2753 futuris
1718 2689 2122 2774 temporibus
2167 2689 2241 2752 in
2268 2695 2660 2776 perpetuum
2689 2711 2807 2775 per
2835 2691 3042 2756 dictos

941 2794 1331 2878 magistrum
1405 2795 1476 2854 et
1540 2788 1863 2855 scholares
1927 2789 2002 2852 in
2075 2789 2286 2855 forma
2351 2791 2693 2875 praemissa
2757 2790 3040 2855 fideliter

939 2890 1462 2980 persolvendum,
1524 2887 1635 2953 vel
1684 2888 2198 2973 persolvendam,
2275 2889 2415 2955 fore
2491 2890 2902 2956 decernimus
2969 2897 3040 2957 et

936 2993 1202 3060 realiter
1244 2992 1666 3077 assignamus.
1791 2992 1916 3069 Ita,
1969 2991 2295 3068 videlicet,
2342 2991 2518 3076 quod
2585 2992 2845 3077 praefati
2897 3014 3040 3063 ‚ma-

938 3096 1144 3182 gister
1188 3099 1257 3159 et
1324 3093 1646 3159 scholares
1690 3094 1775 3159 ad
1821 3091 2214 3158 solutionem
2261 3092 2588 3159 dictarum
2630 3094 3038 3178 pensionum,

940 3198 1210 3262 vivente
1272 3196 1449 3262 dicto
1510 3200 1771 3272 rectore,
1819 3194 1936 3279 qui
1979 3216 2158 3260 nunc
2201 3199 2318 3272 est,
2363 3194 2637 3259 minime
2681 3201 3045 3261 teneantur·

938 3299 1210 3365 astricti.
1303 3298 1403 3364 Ac
1432 3301 1826 3383 potestatem
1857 3296 2204 3361 ordinandi
2249 3301 2318 3361 et
2346 3297 2744 3381 assignandi,
2779 3297 2860 3361 de
2888 3298 3034 3362 red—

942 3402 1194 3468 ditibus
1238 3405 1310 3465 et
1374 3398 1882 3464 obventionibus
1941 3397 2228 3463 ecclesiae
2285 3397 2620 3483 praedictae
2681 3420 3032 3484 congruam

939 3504 1308 3591 portionem
1350 3500 1598 3566 vicario
1643 3498 1759 3583 qui
1803 3498 2012 3583 ipsius
2055 3498 2342 3563 eoclesiae
2383 3504 2452 3563 et
2495 3498 3036 3584 parochianorum

940 3606 1235 3690 ejusdem
1279 3624 1501 3669 curam
1546 3604 1848 3665 exerceat
1889 3600 2274 3677 animarum,
2308 3622 2426 3685 per
2469 3602 2799 3686 episcopos
2843 3602 3036 3666 Dun-

940 3706 1258 3772 olmenses
1304 3703 1420 3787 qui
1477 3723 1596 3787 pro
1662 3706 1956 3786 tempore
2023 3700 2286 3778 fuerint,
2333 3701 2420 3765 ad
2464 3702 3038 3797 praesentationem

938 3806 1241 3892 magistri
1304 3810 1373 3869 et
1416 3803 1809 3868 scholarium
1853 3803 2330 3888 praedictorum,
2378 3804 2452 3867 in
2497 3804 2724 3869 eadem
2769 3804 3042 3871 ecclesia

938 3906 1365 3984 instituendo,
1444 3906 1686 3970 eisdem
1766 3906 2088 3991 episcopis
2162 3906 2532 3991 specialiter
2589 3927 3039 3988 reservamus;

930 4011 1098 4098 jure,
1168 4008 1509 4093 dignitate,
1578 4006 2163 4074 consuetudinibus
2230 4012 2301 4071 et
2365 4006 2686 4084 libertate,
2758 4008 3040 4075 eoelesiae

938 4111 1422 4189 Dunolmensis,
1484 4131 1561 4175 ac
1604 4114 1929 4196 potestate
1976 4108 2331 4174 inducendi
2382 4109 2471 4173 ad
2515 4129 2666 4173 eum
2711 4109 2800 4173 ad
2845 4132 3044 4194 quem-

940 4216 1231 4305 pertinet
1274 4213 1583 4301 praefatos
1611 4212 2002 4297 magistrum
2046 4215 2116 4275 et
2159 4209 2482 4274 scholares
2525 4210 2600 4273 in
2640 4210 3037 4295 corporalem

938 4317 1410 4405 possessionem
1455 4313 1661 4400 ipsius
1706 4312 1992 4378 ecclesiae
2035 4311 2118 4375 de
2163 4310 2658 4387 Mikelbenton',
2699 4332 2848 4376 cum
2893 4332 3040 4376 eam

942 4443 1062 4508 per
1104 4422 1381 4482 mortem
1426 4414 1537 4479 vel
1580 4413 2048 4479 successionem
2111 4412 2274 4478 dicti
2339 4412 2626 4489 rectoris,
2673 4413 2793 4497 qui
2855 4434 3036 4481 nune

941 4530 1057 4600 est,
1105 4539 1338 4585 vacare
1382 4516 1746 4601 contigerit,
1794 4520 1864 4581 et
1899 4514 2050 4600 jure
2111 4514 2558 4600 cujuscunque
2621 4512 2908 4592 alterius,
2954 4515 3028 4579 in

942 4623 1247 4692 omnibus
1322 4639 1578 4705 semper
1650 4617 1866 4682 salvis.
1977 4617 2060 4679 In
2126 4616 2314 4701 cujus
2389 4616 2487 4679 rei
2561 4614 3039 4694 testimonium,

943 4724 1164 4815 sigilla
1206 4726 1433 4789 nostra
1474 4718 1911 4807 praesentibus
1939 4716 2378 4806 apposuimus.
2435 4715 2689 4783 Datum
2719 4720 2790 4780 et
2818 4730 3040 4783 actum
