3592 5817
1055 908 1452 985 REGISTRQM
1499 910 1904 961 PALATINUM
1949 874 2447 961 DUNELMENSEss
2718 900 2799 961 51

386 1110 516 1157 Am
533 1106 674 1155 EM.
697 1091 874 1175 quod
897 1094 1172 1156 vocatur
1203 1098 1236 1126 “
1255 1090 1552 1177 Creyk',’'
1584 1062 1762 1178 quod
1791 1093 2059 1179 quidem
2090 1093 2457 1160 manerium
2486 1083 2619 1165 ‹zi-2<-v

696 1195 972 1273 fossatis,
1021 1201 1091 1261 et
1149 1196 1298 1261 aliis
1343 1196 1540 1265 certis
1583 1197 1779 1264 metis
1843 1205 1913 1264 et
1955 1194 2239 1279 bun‘dis3
2285 1205 2355 1265 et
2398 1199 2578 1276 dicit,
2625 1182 2802 1284 quod

553 1316 559 1323 ·
697 1296 968 1383 quidam
1013 1296 1225 1378 Edolf,
1272 1300 1603 1384 quondam
1647 1322 1766 1366 rex
1840 1302 2133 1387 partium
2177 1301 2441 1366 illarum
2500 1323 2619 1387 per
2661 1301 2802 1367 lon-

696 1420 856 1485 gum
899 1404 1166 1486 tempus
1210 1406 1368 1466 ante
1412 1408 1862 1487 conquaestum
1907 1403 2187 1489 Angliae‚
2219 1402 2408 1469 dedit
2449 1402 2621 1467 illud
2662 1422 2802 1467 ma-

697 1502 956 1567 nerium
1002 1503 1196 1569 beato
1242 1486 1626 1581 Outh‘berto,
1685 1508 1850 1571 tunc
1893 1505 2193 1591 episcopo
2237 1502 2689 1581 Dunolmensi,
2736 1508 2805 1569 et

701 1604 1176 1669 successoribus
1220 1605 1373 1682 suis,
1420 1605 1786 1670 tenendum
1850 1606 1950 1671 ita
2008 1606 2227 1684 libere,
2274 1606 2453 1691 quod
2495 1626 2617 1671 nec
2682 1625 2803 1671 rex

698 1726 820 1770 nec
849 1705 992 1790 ejus
1035 1706 1322 1771 ministri
1353 1706 1727 1792 quicunque
1771 1706 1947 1773 infra
1988 1713 2199 1773 metas
2244 1713 2313 1773 et
2342 1708 2591 1773 divisas
2634 1728 2801 1793 prae-

700 1806 864 1872 dicti
907 1808 1183 1873 manerii
1214 1808 1296 1873 (16
1341 1806 1563 1893 aliquo
1599 1830 1668 1874 se
1712 1808 2183 1888 intromittant,
2228 1810 2406 1895 quod
2449 1810 2537 1876 ad
2564 1830 2801 1895 regem,

699 1907 810 1972 vel
853 1908 996 1993 ejus
1039 1908 1390 1987 ministros,
1437 1910 1770 1995 pertinet3
1814 1910 1928 1975 sed
1996 1912 2173 1995 quod
2218 1910 2503 1997 episcopi
2548 1910 2803 1975 Dunol-

699 2030 970 2086 menses,
1017 2010 1406 2095 quicunque·
1434 2011 1696 2089 fuerint,
1745 2015 2092 2077 exerceant
2136 2017 2205 2077 et
2246 2011 2495 2077 faciant
2551 2012 2626 2075 in
2668 2031 2819 2083 maz

700 2110 884 2195 nerio
929 2111 1244 2196 praedicto
1289 2112 1606 2197 quicquid
1649 2114 1957 2178 dominus
2000 2135 2121 2179 rex
2178 2113 2437 2192 faceret,
2484 2113 2541 2178 si
2585 2134 2808 2179 mane-

701 2212 876 2279 rium
906 2213 1298 2299 praedictum
1343 2213 1418 2277 in
1446 2234 1652 2279 manu
1679 2235 1802 2281 sua
1830 2216 2096 2301 propria
2123 2215 2307 2282 foret.
2398 2215 2599 2281 Unde
2629 2214 2807 2291 dicit,

702 2315 894 2399 quod,
939 2320 1092 2400 post
1149 2315 1571 2381 donationem
1618 2321 1686 2381 et
1729 2318 2206 2383 concessionem
2236 2318 2599 2403 praedictas,
2644 2336 2811 2403 prae-

704 2417 920 2482 dictus
951 2415 1358 2483 Outhbertus
1389 2422 1459 2482 et
1488 2439 1712 2483 omnes
1757 2438 2151 2484 successores
2196 2419 2301 2485 sui
2332 2418 2642 2484 continue
2671 2418 2813 2482 fue-

702 2523 864 2583 runt
901 2518 976 2582 in
1019 2517 1262 2582 seisina
1287 2519 1372 2583 de
1401 2519 1732 2635 praedicto·
1744 2520 2054 2597 manerio,
2086 2540 2237 2585 cum
2267 2520 2573 2586 omnibus
2617 2518 2811 2585 liber-

703 2619 957 2684 tatibus
1002 2624 1072 2684 et
1116 2618 1554 2705 dignitatibus
1597 2620 1838 2706 regiis3
1889 2621 1988 2686 ita
2032 2622 2210 2707 quod
2250 2621 2475 2685 nullus
2519 2643 2659 2699 reat,-
2704 2620 2814 2685 vel

704 2721 846 2806 ejus
890 2720 1195 2799 ministri,
1227 2742 1520 2806 unquam
1565 2727 1795 2807 postea
1824 2744 1891 2788 se
1938 2723 2019 2787 de
2062 2722 2285 2807 aliquo
2315 2721 2816 2787 intromiserunt

709 2822 882 2893 infra
925 2822 1290 2887 manerium
1319 2821 1713 2939 praedictum
1718 2823 1982 2889 .—Ideo
2026 2844 2224 2910 super
2266 2822 2391 2888 hoc
2420 2801 2810 2908 inquiratur.

797 2924 985 2989 Dicit
1013 2924 1231 3002 etiam,
1265 2924 1492 3022 quod
1472 2946 1614 3011 ipse
1642 2923 1860 3003 habet,
1892 2924 1965 2988 in
1990 2924 2313 2991 comitatu
2342 2924 2488 3002 istc,
2519 2923 2814 2989 maneria

705 3027 812 3092 (16-
852 3026 1191 3091 Alverton’
1253 3032 1323 3092 et
1388 3015 1748 3103 Houeden’,
1795 3046 1944 3112 quae
2006 3032 2166 3091 sunt
2230 3027 2452 3112 capita
2518 3027 2814 3091 omnium

702 3128 983 3195 aliarum
1027 3133 1350 3193 terrarum
1395 3148 1680 3206 suarum,
1729 3132 2004 3244 excepto
2032 3126 2349 3214 praedicto
2393 3128 2685 3193 manerio
2731 3128 2814 3193 de

709 3228 991 3315 Creyk’3
1035 3229 1108 3293 in
1152 3229 1392 3315 quibus
1437 3230 1705 3315 quidem
1749 3229 2061 3295 maneriis
2096 3229 2237 3315 ipse
2284 3228 2529 3295 clamat
2569 3226 2811 3298 habere

705 3351 1099 3408 warennam,
1118 3334 1326 3397 terras
1356 3352 1509 3396 suas
1538 3332 1610 3395 in
1643 3331 1888 3397 eisdem
1918 3331 2229 3397 maneriis
2260 3331 2517 3416 quietas
2546 3349 2590 3395 a
2618 3336 2811 3409 secta,

705 3432 937 3511 furcas,
983 3438 1326 3497 retur-num
1401 3432 1722 3510 brevium,
1791 3437 2140 3509 extractas,
2210 3432 2517 3497 emendas
2590 3433 2811 3499 assisae
2853 3482 2866 3494 ,
2930 3499 2936 3510 ,

705 3535 896 3622 panis
964 3540 1034 3601 et
1095 3534 1442 3611 cerevisiae,
1509 3539 1578 3598 et
1639 3533 1886 3619 placita
1948 3533 2031 3598 de
2098 3533 2312 3599 vetito
2378 3533 2617 3611 nami0,
2685 3533 2808 3599 tali

705 3640 1051 3716 warranto,
1099 3636 1274 3721 quod
1339 3634 1712 3699 Willelmus
1777 3634 2155 3711 Bastardus‚
2202 3656 2337 3713 rex,
2406 3640 2849 3721 conquaestor.

703 3738 982 3825 AngEae,
1015 3737 1201 3803 dedit
1244 3738 1562 3823 praedicta
1603 3728 1898 3802 maneria
1940 3737 2135 3802 beato
2166 3736 2534 3804 Cuthberto
2578 3742 2649 3801 et
2677 3736 2812 3822 epi-

705 3839 916 3925 scopis
945 3838 1503 3904 Dunolmensibus
1546 3838 1620 3903 in
1649 3844 2058 3925 perpetuum,
2089 3860 2241 3905 cum
2284 3837 2587 3903 omnibus
2616 3837 2813 3903 liber-

705 3940 959 4007 tatibus
1020 3946 1089 4006 et
1132 3940 1572 4027 dignitatibus
1615 3941 1829 4027 regiis,
1890 3940 2053 4007 adeo
2097 3939 2300 4005 libere
2348 3944 2416 4005 et
2460 3940 2815 4007 honorifico

705 4042 881 4108 sicut
938 4041 1052 4107 1116
1117 4063 1238 4109 rex
1299 4063 1378 4108 ea
1412 4032 1426 4041 “
1442 4064 1736 4128 unquam
1804 4042 2040 4107 melius
2107 4046 2177 4107 et
2242 4040 2515 4106 liberius
2572 4040 2811 4107 tenuit.

713 4142 819 4221 Et,
864 4143 940 4208 in
1006 4142 1268 4233 signum
1313 4144 1646 4230 praedictae
1712 4143 2105 4219 donationis,
2153 4142 2399 4207 obtulit
2442 4141 2620 4206 idem
2669 4162 2810 4219 rex,

705 4246 795 4313 ad
868 4244 1078 4311 altare
1123 4246 1304 4311 beati
1363 4245 1734 4322 Outhberti‚
1802 4244 2058 4309 talenta
2118 4263 2320 4308 aurea
2392 4247 2463 4308 et
2520 4242 2815 4309 armillas

703 4368 951 4414 aureas.
1045 4346 1138 4413 Et
1195 4347 1374 4425 dicit,
1437 4346 1612 4432 quod
1677 4367 1722 4411 a
1763 4350 2057 4432 tempore
2117 4344 2493 4411 donationis
2534 4348 2603 4409 et
2662 4363 2812 4410 con-

703 4449 1012 4517 cessionis
1055 4449 1391 4537 praedictae
1435 4447 1569 4513 fuit
1619 4447 1961 4534 episcopus
2022 4446 2491 4511 Dunolmensis
2548 4445 2625 4511 in
2667 4445 2815 4511 ’sei-

707 4552 854 4617 sina
898 4552 981 4617 de
1007 4550 1336 4615 maneriis
1379 4548 1731 4635 praedictis,
1780 4549 1961 4633 [cum
2026 4548 2333 4613 omnibus
2395 4546 2819 4613 libertatibus

705 4654 1068 4741 praedictis]
1115 4659 1184 4718 et
1245 4652 1491 4735 eisdem
1533 4650 1976 4739 {libertatibus
2044 4671 2203 4715 usus
2240 4648 2409 4727 fuit,
2478 4661 2821 4735 quousque

707 4755 1054 4834 Henricus,
1099 4754 1276 4820 filius
1321 4752 1786 4840 conquaestoris
1831 4752 2148 4840 praedicti,
2196 4750 2527 4839 quondam
2572 4751 2817 4839 episco-

2408 4870 2459 4921 D
2506 4857 2547 4919 2

3279 63 3360 102 N·
3378 83 3466 136 ·;ἲ“

3463 134 3496 149 '¹0
