3592 5817
975 765 1370 821 mmmm
1415 763 1819 816 rmum
1864 763 2349 816 murmurasse
2591 751 2719 814 425

623 953 970 1022 colniensis
1037 951 1353 1031 dioecesis,
1417 952 1809 1040 magistrum
1886 951 2255 1019 Walterum
2339 953 2421 1018 (16
2488 952 2722 1040 Oleby,
2748 941 3025 1062 8331-Ἃὲζῇ-

622 1055 1097 1123 Lincolniensis
1142 1054 1460 1132 dioecesis,
1531 1059 1601 1120 et
1668 1053 2077 1120 Willelmum
2142 1055 2224 1120 de
2286 1054 2501 1132 Assh’,
2549 1055 2723 1122 Nor-
2749 1068 2849 1110 tion
2867 1067 2969 1110 into

622 1158 922 1224 wicemis
966 1157 1282 1234 dioecesis,
1333 1157 1742 1242 oonjimotim
1791 1161 1863 1222 ef,
1907 1157 2193 1234 divisim,
2248 1162 2319 1223 ef,
2363 1157 2726 1244 quemlibet
2748 1118 2967 1220 ῧξιξὲιῖἷι.

623 1281 844 1327 eorum
891 1260 964 1324 in
1025 1259 1325 1337 solidum,
1369 1259 1470 1326 ita
1531 1259 1708 1344 quod
1775 1279 1911 1325 non
1974 1259 2066 1324 sit
2132 1259 2366 1324 melior
2432 1260 2723 1326 conditio

621 1362 1013 1448 occupantis,
1060 1361 1175 1426 sed
1234 1360 1411 1445 quod
1453 1379 1628 1424 unus
1688 1379 1913 1425 eorum
1960 1360 2297 1445 inceperit,
2343 1360 2515 1426 alius
2574 1381 2721 1446 pro-

623 1465 807 1549 sequi
852 1463 1090 1540 valeat,
1152 1467 1222 1528 et
1267 1462 1475 1540 finire,
1523 1462 1831 1547 quotiens
1895 1483 2003 1527 me
2056 1462 2283 1528 abesse
2329 1463 2439 1528 vel
2497 1464 2723 1529 adesse

623 1567 987 1653 contigerit,
1033 1585 1212 1631 meos
1255 1585 1447 1631 veros
1492 1569 1564 1629 et
1606 1565 1941 1651 legitimos
1977 1571 2426 1650 procuratores
2472 1567 2723 1643 ordin0,

621 1671 806 1746 facio,
853 1675 922 1734 et
953 1669 1322 1747 constitum
1370 1668 1534 1734 dans
1569 1672 1642 1732 et
1675 1668 2038 1735 concedens
2068 1669 2331 1746 eisdem,
2381 1674 2451 1735 et
2496 1689 2722 1736 eorum

623 1772 907 1850 cuilibet,
972 1775 1366 1857 potestatem
1430 1769 1820 1856 generalem,
1867 1776 1937 1835 et
1996 1772 2382 1838 mandatum
2428 1771 2721 1856 speciale,

619 1874 886 1940 nomine
946 1893 1110 1950 mec,
1173 1872 1596 1958 praebendam
1649 1893 1853 1957 quam
1911 1870 2124 1938 habeo
2183 1875 2257 1938 in
2318 1873 2591 1941 ecclesia
2640 1874 2723 1939 de

619 1974 992 2041 Aukeland’
1021 1979 1398 2052 memorata,
1449 1993 1631 2060 pure,
1680 1980 1917 2059 sponte
1949 1979 2019 2039 et
2047 1975 2361 2053 absolute,
2394 1976 2467 2040 in
2513 1975 2723 2040 mani-

618 2079 742 2143 bus
801 2077 1144 2142 reverendi
1202 2075 1411 2162 patris
1471 2080 1540 2142 et
1600 2075 1869 2154 domini,
1933 2077 2183 2142 domini
2250 2076 2532 2155 Ricardi,
2594 2077 2722 2142 Dei

619 2180 849 2266 gratia,
893 2177 1179 2265 episcopi
1245 2177 1729 2256 Dunolmensis‚
1767 2177 2166 2264 resignandi,
2218 2179 2529 2263 omnique
2584 2177 2723 2263 juri

621 2301 767 2346 meo
811 2281 883 2344 in
929 2280 1156 2346 eadem
1187 2278 1539 2364 praebenda
1581 2278 1915 2363 adquisito
1960 2277 2428 2358 renunciandi3
2470 2299 2725 2346 necnon
2814 2297 2846 2340 1.
2864 2299 2942 2342 346
2960 2297 3005 2340 b.

621 2381 805 2446 aliud
853 2380 1242 2446 beneficium
1302 2377 1811 2446 ecclesiasticum
1857 2380 2294 2466 quodcunque
2338 2379 2411 2444 in
2456 2380 2725 2447 ecclesia

622 2482 972 2559 antedicta,
1004 2481 1112 2547 vel
1142 2477 1305 2547 alibi
1350 2480 1743 2566 ubicunque,
1790 2501 1941 2546 cum
1989 2501 2168 2559 cura,
2208 2480 2319 2546 vel
2363 2482 2505 2547 sine
2550 2501 2721 2558 cura,

623 2584 799 2671 quod
844 2583 1010 2648 mihi
1054 2581 1349 2658 conferri,
1395 2588 1516 2648 aut
1558 2582 1645 2646 ad
1691 2582 1870 2668 quod
1932 2603 2037 2647 me
2084 2584 2483 2668 praesentari,
2530 2603 2721 2649 cano-

620 2688 766 2752 nice
811 2684 1178 2770 contigerit,
1223 2683 1640 2761 admittendi,
1685 2684 1763 2750 'ac
1806 2684 2298 2750 institutionem
2342 2683 2721 2752 canonicam

622 2794 690 2853 et
736 2787 1184 2853 inductionem
1237 2786 1634 2871 corporalem
1691 2787 1765 2849 in
1809 2785 2055 2865 eodem,
2100 2807 2178 2854 ac
2220 2788 2429 2873 ipsius
2473 2807 2722 2874 posses-

620 2890 884 2966 sionem,
931 2887 1365 2964 nanciscendi‚
1413 2887 1788 2972 recipiendi,
1836 2893 1908 2953 et
1953 2887 2336 2968 obtinendi3
2389 2891 2729 2976 juramen-

619 2998 765 3058 tum
806 2991 1216 3068 obedientiae,
1248 3010 1502 3056 necnon
1543 2990 1625 3054 de
1670 2991 2097 3056 observandis
2142 2993 2417 3058 statutis
2462 3000 2532 3059 et
2576 3017 2729 3063 con-

621 3093 1080 3158 suetudinibus
1127 3091 1412 3157 ecclesiae
1457 3091 1530 3154 in
1575 3111 1708 3176 qua
1751 3112 1859 3156 me
1924 3093 2293 3176 promoveri
2361 3096 2729 3182 contigerit,

621 3201 690 3260 et
735 3193 1076 3278 quodlibet
1119 3191 1303 3256 aliud
1340 3191 1794 3275 juramentum
1840 3191 2113 3270 licitum,
2147 3197 2217 3257 et
2259 3193 2333 3258 in
2375 3194 2501 3262 hac
2542 3204 2731 3282 parte

624 3295 922 3361 debitum
971 3298 1041 3358 et
1078 3296 1480 3370 consuetum,
1536 3293 1843 3357 omnibus
1902 3298 1973 3358 et
2024 3293 2304 3380 singulis
2352 3298 2729 3386 ordinariis,

623 3403 693 3463 et
753 3397 903 3462 aliis
972 3395 1489 3480 quibuscunque,
1539 3394 1771 3478 [quod]
1840 3393 1913 3457 in
1979 3415 2058 3460 ea
2126 3401 2312 3480 parte
2378 3397 2583 3467 fuerit
2650 3402 2732 3468 de

616 3501 782 3585 jure,
831 3502 1100 3574 statuto,
1141 3495 1248 3561 vel
1290 3495 1780 3574 consuetudine,
1820 3497 2287 3582 praestandum,
2324 3500 2397 3563 in
2440 3503 2730 3570 animam

621 3621 834 3668 meam
879 3597 1254 3685 praestandi,
1284 3597 1492 3663 alium
1527 3597 1637 3663 vel
1665 3596 1846 3674 ,alios
1889 3605 2373 3683 procuratorem
2420 3625 2536 3669 seu
2582 3627 2730 3691 pro-

623 3708 967 3781 curatores,
1012 3701 1155 3769 1060
1199 3721 1444 3779 eorum,
1477 3705 1548 3766 et
1591 3720 1819 3767 eorum
1864 3701 2232 3785 cujuslibet,
2265 3705 2727 3787 substituendi,

623 3812 692 3872 et
753 3805 1191 3870 substitutum
1242 3802 1353 3868 vel
1421 3802 1819 3869 substitutos
1881 3805 2249 3884 revocandi,
2313 3806 2729 3896 officiumque

623 3908 1142 3997 procuratorium
1225 3904 1691 3986 reassumendi,
1766 3907 2073 3992 quotiens
2135 3913 2206 3974 et
2268 3912 2533 3995 quando
2616 3917 2726 3994 eis,

623 4018 694 4079 et
733 4031 956 4077 eorum
1002 4009 1292 4088 cuilibet,
1321 4003 1661 4075 videbitur
1703 4009 2052 4095 expedir03
2096 4014 2167 4076 et
2210 4032 2329 4097 pro
2358 4015 2728 4098 praemissis,

622 4115 680 4179 si
723 4133 982 4182 necesse
1027 4111 1248 4190 fuerit,
1291 4111 1551 4198 agendi,
1597 4109 2008 4189 defendendi,
2055 4111 2244 4178 litem
2297 4120 2726 4199 contestandi,

615 4218 1071 4304 juramentum
1115 4220 1256 4282 tam
1289 4215 1371 4280 de
1401 4213 1734 4282 calumnia.
1762 4233 1963 4298 quam
1994 4213 2076 4280 de
2105 4215 2389 4282 veritate
2434 4219 2725 4302 dicenda,

623 4341 700 4386 ac
745 4317 1087 4404 quodlibet
1147 4316 1332 4382 aliud
1389 4336 1598 4402 genus
1643 4313 1812 4380 liciti
1858 4315 2267 4394 sacramenti,
2321 4317 2393 4382 in
2437 4321 2725 4390 animam

624 4441 836 4486 meam
880 4418 1283 4505 praestandi3
1326 4421 1542 4483 status
1605 4416 1737 4482 mei
1782 4415 2309 4484 reformationem
2354 4426 2425 4486 et
2490 4421 2563 4486 in
2624 4425 2724 4488 in-

623 4529 880 4608 tegrum
949 4519 1455 4597 restitutionem,
1525 4519 1781 4596 damna,
1853 4539 2187 4605 expensas,
2253 4527 2323 4586 et
2397 4523 2722 4605 interesse,

623 4625 889 4709 petendi
920 4629 988 4688 et
1032 4622 1404 4708 recipiendi,
1453 4621 1756 4708 ponendi,
1789 4623 2225 4708 positionibus
2271 4627 2720 4710 respondendi,
