3592 5817
937 288 1068 349 584·
1796 300 2166 348 Arrnnmx.

937 490 1280 576 corporale,
1360 497 1428 555 et
1503 490 1680 555 idem
1724 508 1729 512 ’
1748 490 2206 575 juramentum
2280 488 2353 551 in
2429 489 2691 573 propria
2758 507 3072 573 persona

936 613 1146 656 coram
1195 592 1419 656 eodem
1467 592 1732 669 seniore,
1765 595 2035 676 praestet
2079 589 2493 676 principalis;
2538 589 2713 674 quod
2740 610 2878 653 non
2933 610 3069 673 per

935 715 1018 771 se,
1064 694 1286 770 alium,
1335 693 1444 757 vel
1507 693 1686 770 alios,
1733 692 2025 777 aliquem
2071 692 2179 756 vel
2240 692 2497 776 aliquos
2559 692 2644 756 ad
2691 691 3070 756 dicendum

934 816 1049 880 pro
1094 796 1316 880 aliquo
1363 795 1435 857 in
1465 795 1858 880 Magistrum
1904 794 2205 881 eligendo
2248 793 2590 858 induxerit
2618 792 2724 856 vel
2767 793 3066 856 inducet

935 896 1379 981 quovismodO,
1412 900 1639 961 contra
1668 895 2083 960 voluntatem
2115 895 2446 981 propriam
2478 901 2548 958 et
2593 900 3067 979 spontaneam.

936 998 1026 1062 Et
1092 999 1178 1064 ad
1255 999 1327 1062 id
1389 998 1843 1083 juramentum
1913 996 2413 1072 observandum,
2486 996 2765 1080 quilibet
2826 997 3064 1061 socius

936 1099 1168 1164 domus
1233 1099 1629 1184 supradictae
1691 1098 1944 1162 virtute
2013 1097 2118 1162 sui
2179 1098 2545 1180 juramenti
2591 1120 2708 1182 per
2758 1098 3062 1161 eundem

937 1203 1253 1267 seniorem
1310 1201 1586 1264 firmiter
1630 1200 2051 1285 astringatur.
2144 1198 2190 1263 J
2192 1204 2388 1263 urent
2432 1200 2634 1264 etiam
2700 1221 2926 1263 omnes
2981 1203 3063 1262 et

937 1303 1195 1389 singuli,
1248 1303 1444 1367 tactis
1495 1301 1934 1376 sacrosanctiS,
1982 1301 2053 1364 in
2098 1302 2450 1386 praesentia
2492 1301 2786 1366 omnium
2831 1302 3054 1366 socio-

934 1425 1101 1479 rum,
1149 1402 1324 1488 quod
1369 1402 1666 1478 fideliter,
1715 1407 1786 1466 et
1828 1401 2075 1486 absque
2123 1401 2451 1486 personali
2479 1401 2924 1486 acceptatione
2977 1405 3057 1465 et

936 1526 1050 1593 spe
1094 1504 1640 1569 remunerationis
1684 1503 1894 1580 factae,
1926 1503 2035 1568 vel
2082 1505 2154 1566 in
2194 1505 2493 1568 futurum
2538 1504 2870 1581 faciendae,
2918 1525 3051 1589 pro

934 1606 1054 1671 tali
1102 1606 1341 1682 dicant,
1390 1627 1586 1690 quem
1632 1605 1872 1670 melius
1918 1605 2251 1683 scientem,
2299 1607 2510 1693 magis
2572 1612 2909 1691 potentem
2976 1611 3056 1670 et

934 1706 1248 1791 maj0rem
1293 1706 1504 1771 zelum
1550 1705 1922 1782 habentem,
1968 1706 2295 1782 sciverint,
2340 1707 2427 1770 ad
2473 1708 2706 1770 domus
2772 1706 3049 1792 negotia

938 1806 1359 1893 expedienda.
1480 1806 1625 1886 Quo
1693 1805 1885 1882 sact0‚
1931 1805 2314 1891 principalis
2388 1812 2458 1870 et
2532 1805 2647 1870 alii
2725 1807 2852 1896 duo
2918 1827 3046 1891 per

937 1908 1474 1973 communitatem
1521 1906 1724 1982 electi,
1770 1912 1933 1971 vota
1976 1906 2384 1992 singulorum
2428 1906 2711 1971 fideliter
2754 1907 3041 1970 sedendo

937 2008 1216 2072 audiant
1282 2007 1354 2070 in
1399 2007 1677 2083 secretis,
1726 2012 1796 2070 et
1840 2006 2145 2083 scribant,
2191 2012 2260 2072 et
2305 2007 2521 2092 ipsum
2584 2006 2888 2092 [electum
2935 2007 3038 2090 in]

939 2109 1331 2194 magistrum
1398 2107 1681 2172 fideliter
1731 2107 2150 2184 denuncient,
2203 2107 2276 2171 in
2353 2130 2549 2193 quem
2617 2108 2827 2193 major
2885 2129 3041 2192 pars

939 2208 1429 2273 communitatis
1521 2208 1934 2272 consenserit.
2057 2207 2147 2272 Et
2235 2208 2291 2272 si
2366 2209 2709 2295 contingat
2781 2207 3036 2292 aliquos

937 2330 1170 2374 vocum
1217 2307 1573 2393 paritatem
1605 2307 1918 2385 obtinere,
1950 2329 2067 2393 per
2110 2308 2432 2373 saniorem
2463 2315 2718 2394 partem
2750 2331 3033 2375 commu-

935 2409 1167 2472 nitatis
1196 2409 1574 2472 nominatus
1604 2408 1678 2471 in
1724 2408 2115 2494 magistrum
2144 2411 2233 2474 sit
2278 2411 2537 2476 electuS.
2641 2420 2673 2444 “
2698 2410 3030 2475 Saniorem

939 2520 970 2544 “
1014 2532 1170 2575 vero
1215 2515 1472 2594 partem
1492 2509 1524 2535 ''
1557 2531 1641 2574 ex
1671 2512 2126 2597 praerogativis
2156 2512 2229 2576 in
2259 2513 2549 2590 scientia,
2584 2519 2652 2578 et
2696 2513 3031 2599 prioritate

937 2614 1183 2689 domus,
1231 2611 1509 2696 aliisque
1557 2612 2024 2691 consimilibus,
2071 2636 2156 2678 ex
2201 2616 2441 2700 quibus
2502 2638 2676 2680 unus
2738 2616 2881 2693 alio,
2926 2615 3035 2680 vel

936 2735 1072 2780 una
1145 2735 1296 2799 pars
1371 2712 1581 2779 altera
1656 2714 1728 2777 in
1803 2715 2094 2801 collegiis
2170 2716 2388 2781 sanior
2454 2717 2620 2782 solet
2688 2718 3032 2793 numerari,

938 2817 1158 2883 vocari
1221 2817 1510 2881 decerno.
1628 2815 1963 2881 Electione
2009 2817 2275 2902 quidem
2335 2820 2633 2904 magistri
2694 2820 3033 2896 celebrata,

937 2915 1137 2982 faciat
1213 2938 1363 2981 eum
1439 2914 1836 3000 principalis,
1905 2917 2013 2981 vel
2089 2918 2320 2995 senior,
2368 2920 2725 2984 secundum
2787 2926 3037 2985 statum
3098 2988 3116 2999 ,

937 3038 1129 3081 suum
1174 3017 1248 3080 in
1293 3016 1502 3092 domn,
1535 3037 1749 3081 coram
1780 3018 2251 3083 communitate
2288 3019 2528 3104 jurare,
2562 3021 2737 3105 quod
2780 3027 3038 3086 statuta

936 3123 1004 3181 et
1032 3117 1474 3182 ordinationes
1505 3138 1623 3202 per
1651 3138 1755 3181 me
1802 3116 2012 3182 editas
2041 3118 2325 3184 fideliter
2376 3121 2768 3187 observabit.
2842 3122 3035 3200 Item,

933 3218 1083 3283 volo
1115 3223 1184 3282 et
1230 3218 1520 3304 dispon0,
1554 3219 1733 3303 quod,
1760 3220 2088 3306 mag-ister,
2120 3222 2245 3286 sub
2274 3222 2486 3287 forma
2514 3224 2830 3308 praedicta
2872 3225 3038 3291 elec-

936 3324 1060 3394 tus,
1092 3339 1240 3383 cum
1286 3317 1559 3406 licentia
1589 3320 1959 3398 comitatus,
1989 3321 2073 3385 ad
2105 3323 2471 3387 manerium
2517 3346 2738 3388 meum
2783 3325 2864 3390 de
2896 3326 3037 3390 Wi-

934 3418 1224 3495 chenore,
1256 3424 1411 3484 ante
1443 3419 1637 3485 officii
1668 3421 1772 3484 sui
1804 3421 2272 3500 executionem,
2304 3426 2647 3506 mittatur;
2678 3433 2747 3491 et
2768 3426 3036 3493 domino

936 3522 1228 3609 ejusdem
1272 3521 1564 3598 manerii,
1612 3522 1729 3605 qui
1788 3543 1908 3607 pro
1954 3528 2246 3609 tempore
2305 3525 2522 3603 fuerit,
2570 3550 2636 3592 se
2684 3528 2930 3607 offerat,
2977 3531 3036 3595 si

939 3624 1086 3710 quis
1147 3623 1348 3687 fuerit
1416 3623 1496 3687 de
1573 3623 1893 3709 sanguine
1956 3646 2100 3690 meo
2164 3626 2467 3691 dominus
2536 3629 2698 3693 dicti
2758 3632 3033 3696 manerii

934 3747 1052 3812 pro
1097 3729 1387 3810 tempore
1442 3723 1573 3801 illo,
1619 3729 1688 3788 et
1717 3745 1979 3790 causam
2023 3725 2126 3790 sui
2154 3726 2481 3792 adventus
2526 3738 2855 3814 exponat3
2900 3733 3030 3816 qui,

937 3826 1078 3892 sine
1142 3825 1524 3911 exceptione
1592 3829 1822 3890 contra
1888 3826 2163 3892 formam
2225 3827 2574 3907 electionis,
2630 3852 2746 3896 seu
2806 3839 3032 3899 contra

936 3947 1281 4014 personam
1327 3927 1615 4003 electam,
1664 3931 1733 3991 et
1799 3927 2045 4012 absque
2092 3930 2271 3994 omni
2338 3932 2863 4012 contradictione,
2916 3955 3033 4019 per

936 4027 1325 4113 praedictum
1370 4026 1710 4092 dominum
1756 4027 1937 4093 illius
1966 4030 2242 4096 manerii
2289 4031 2362 4096 in
2405 4034 2792 4119 magistrum
2836 4035 3033 4102 dictae

937 4131 1169 4196 domus
1236 4129 1326 4196 sit
1388 4134 1703 4215 receptus.
1798 4129 1874 4196 Si
1940 4136 2165 4198 autem
2242 4132 2547 4200 dominus
2621 4136 2709 4201 ad
2781 4135 3033 4202 dictum
