3592 5817
934 329 1067 400 578
1806 346 2174 395 Arrnnmx.

931 535 1041 599 vel
1069 535 1347 600 vicarios
1393 534 1772 620 aliqualiter
1802 535 2191 620 impediant,
2239 535 2593 619 quominus
2637 535 2893 599 easdem
2924 556 3032 598 ar·

929 635 1116 700 bores
1147 641 1215 700 et
1243 635 1515 700 herbam
1546 640 1973 721 prosternere,
2008 634 2265 712 salcare‚
2298 657 2619 712 amovere,
2666 656 2741 700 ac
2770 635 3036 700 arbores

928 736 1305 823 hujusmodi
1337 738 1409 800 in
1453 738 1875 802 refectionem
1906 741 1973 801 et
2019 737 2501 822 reparationem
2548 736 2829 802 ecclesiae
2873 758 3031 812 suae,

930 860 1048 903 seu
1093 839 1306 903 mansi
1352 840 1600 924 proprii
1631 840 1717 903 ad
1747 838 1960 924 ipsam
2007 839 2343 904 ecclesiam
2375 839 2782 924 pertinentis
2827 838 3033 901 libere

928 948 1306 1006 convertere
1333 966 1349 1020 ;
1401 947 1470 1005 et
1518 941 1600 1005 de
1653 941 1763 1019 eiS,
1797 945 1997 1026 prout
2027 940 2377 1019 voluerint,
2414 940 2600 1024 (dum
2645 946 2868 1004 tamen
2894 960 3034 1003 non

927 1043 1015 1108 ad
1060 1064 1254 1106 usum
1300 1043 1548 1126 alium),
1597 1042 1940 1127 disponere
1985 1041 2268 1119 valeant,
2332 1047 2532 1126 prout
2578 1043 2775 1107 decet.

1019 1145 1137 1210 IX.
1187 1145 1570 1212 Oblationes
1636 1150 1860 1210 autem
1922 1145 1994 1208 in
2063 1145 2223 1230 ipsis
2287 1145 2571 1210 ecclesiis
2640 1151 2709 1209 et
2767 1144 3037 1230 capellis

929 1246 1227 1324 ubilibet,
1275 1269 1360 1310 ex
1405 1247 1755 1311 devotione
1799 1246 2112 1323 fidelium,
2160 1246 2234 1309 in
2293 1247 2792 1331 quibuscunque
2835 1247 3038 1310 rebus

928 1347 1138 1425 factae,
1191 1348 1347 1431 (nisi
1392 1348 1476 1412 ad
1521 1370 1716 1411 usum
1766 1347 1847 1411 de
1915 1368 2044 1431 quo
2089 1353 2371 1412 rectores
2417 1353 2487 1411 et
2531 1348 2766 1412 vicarii
2811 1369 2880 1411 se
2945 1347 3036 1412 de

917 1447 1070 1532 jure
1115 1448 1224 1511 vel
1268 1448 1350 1512 de
1410 1448 1884 1513 consuetudine
1928 1447 2309 1512 nullatenus
2355 1448 2824 1525 intromittant,
2885 1470 3035 1532 spe-

923 1548 1178 1614 cialiter
1221 1549 1628 1634 offerantur),
1675 1550 1762 1614 ad
1806 1555 2089 1614 rectores
2134 1570 2252 1613 seu
2295 1548 2576 1614 vicarios
2624 1549 3035 1614 decrevimus

921 1649 1335 1737 integraliter
1379 1651 1723 1735 pertinere.
1818 1651 2036 1716 Multo
2082 1651 2291 1736 magis
2336 1651 2488 1716 laici
2535 1651 2617 1715 de
2664 1651 2926 1728 clericis,
2956 1652 3036 1715 in

923 1752 1069 1839 ipsa
1143 1751 1413 1817 ecclesia
1487 1774 1603 1817 seu
1694 1752 1947 1837 capella
2021 1752 2571 1828 ministrantibuS‚
2650 1752 3034 1818 facultatem

927 1856 1185 1941 aliquid
1230 1857 1580 1921 ordinandi
1627 1857 1754 1920 sibi
1802 1877 1937 1921 non
1983 1855 2354 1941 impediant
2398 1855 2762 1921 vendicare.
2853 1854 3031 1920 Con-

918 1958 1288 2044 jurationes
1333 1959 1618 2044 insuper,
1651 1963 1720 2023 et
1749 1958 2281 2043 conspirationes»,
2314 1979 2433 2042 per
2475 1979 2639 2042 quas
2671 1957 3037 2036 oblationes

924 2061 1238 2138 fidelium,
1305 2082 1470 2145 quse,
1543 2083 1627 2125 ex
1690 2060 2058 2136 devotione,
2113 2060 2187 2123 in
2241 2059 2537 2144 exequiis
2607 2064 3034 2135 mortuorum,

924 2163 1497 2248 purificationibus
1542 2162 1910 2238 mulierum,
1958 2182 2035 2226 ac
2080 2160 2244 2238 aljis,
2291 2160 2364 2224 in
2408 2160 2675 2245 capellis
2722 2165 2791 2224 et
2835 2160 3031 2225 00010-

924 2263 1041 2328 siis
1085 2264 1247 2349 ipsis
1307 2263 1558 2327 fuerint
1626 2262 2054 2349 applicandae,
2100 2263 2470 2347 improvide
2534 2263 3034 2338 subtrahuntur,

920 2365 1198 2430 firmiter
1260 2366 1485 2430 taliter
1549 2365 2015 2450 prohibemus3
2059 2369 2137 2428 ut
2189 2366 2307 2450 qui
2369 2365 2441 2428 in
2506 2366 2870 2449 praemissiS,
2917 2365 3028 2428 vel

922 2486 1148 2531 eorum
1193 2465 1416 2550 aliquo
1462 2488 1647 2531 secus
1712 2466 1985 2552 egerint,
2034 2467 2294 2534 tamdiu
2340 2467 3035 2532 excommunicationis

919 2569 1250 2634 sententia
1299 2569 1719 2646 innodentur,
1770 2573 1842 2633 et
1886 2568 2439 2634 excommunicati
2483 2569 2742 2654 publice
2774 2569 3028 2632 denun-

921 2670 1196 2748 cientur,
1221 2671 1444 2748 donec,
1477 2692 1766 2757 congrua
1794 2670 2242 2736 satisfactione
2272 2671 2623 2756 praemissa,
2644 2669 3032 2735 beneficium

926 2772 1364 2838 absolutionis
1411 2772 1772 2838 meruerint
1817 2772 2128 2837 obtinere.

1013 2874 1093 2938 X.
1140 2874 1242 2940 Ut
1272 2874 1704 2939 ecclesiastica
1732 2874 1942 2960 magis
1986 2874 2303 2938 timeatur
2324 2871 2351 2910 ¹
2380 2894 2667 2951 censura,
2698 2875 3033 2959 generales

922 2976 1301 3054 sententias,
1336 2997 1378 3041 a
1415 2975 1566 3060 jure
1613 2980 1680 3039 et
1723 2996 1766 3040 a
1810 2975 2176 3060 legatorum
2220 2975 2323 3052 in'j
2338 2974 2597 3060 Anglia,
2646 2997 2724 3042 ac
2781 2977 3032 3061 praede-

923 3098 1249 3143 cessorum
1295 3081 1666 3142 nostrorum
1714 3082 1784 3141 et
1828 3077 2072 3141 nostris
2116 3077 2716 3154 constitutionibus,
2749 3099 2832 3141 ex
2877 3100 3033 3144 cau-

921 3178 1052 3243 sis
1080 3179 1475 3264 quibusdam
1538 3177 1991 3263 promulgatis
2057 3177 2130 3242 id
2194 3183 2309 3255 est,
2373 3184 2476 3243 ter
2541 3178 2615 3242 in
2688 3200 2877 3256 ann0,
2952 3179 3031 3244 in

919 3278 1197 3364 singulis
1241 3285 1617 3343 nostrarum
1664 3279 1964 3345 civitatis
1985 3277 2010 3316 ²
2039 3283 2109 3343 et
2140 3279 2439 3344 dioecesis
2486 3278 3031 3344 Dunelmensium

920 3380 1222 3458 ecclesiis,
1296 3380 1527 3445 diebus
1584 3381 1983 3457 solennibus,
2030 3381 2269 3465 quibus
2314 3380 2525 3467 magis
2578 3381 2883 3466 expedire
2927 3382 3032 3446 vi-

920 3481 1200 3560 debitur,
1245 3482 1666 3568 praecipimus
1720 3481 2060 3568 publicari.
2157 3482 2446 3559 Proviso,
2496 3483 2685 3566 quod,
2747 3483 2820 3548 in
2862 3483 3033 3568 pub-

920 3584 1227 3652 licatione
1273 3585 1673 3670 hujusmodi,
1722 3585 2146 3670 excipiantur
2191 3583 2307 3662 illi,
2354 3584 2485 3669 qui,
2532 3589 2687 3649 ante
2740 3585 3035 3669 publica-

918 3688 1170 3755 tionem
1216 3687 1429 3773 ipsam
1475 3687 1726 3752 fuerint
1768 3685 1856 3751 ab
1919 3685 2079 3771 ipsis
2123 3686 2485 3762 sententiiS,
2532 3705 2650 3770 per
2717 3708 2866 3750 eum
2910 3688 3029 3771 qui

918 3791 1043 3858 hoc
1085 3791 1295 3857 facere
1343 3789 1734 3874 [debuerat],
1779 3788 1854 3852 in
1897 3787 2110 3853 forma
2154 3788 2467 3854 canonica
2512 3788 2812 3853 absoluti.

1009 3893 1126 3959 XI.
1173 3893 1282 3957 Ad
1311 3893 1453 3958 haec
1487 3892 1911 3968 decrevimus,
1941 3895 2021 3954 ut
2051 3895 2191 3955 tam
2222 3888 2516 3955 officialis
2546 3889 3023 3966 DunelmensiS‚

919 4002 988 4061 et
1077 4017 1234 4060 suus
1309 3994 1792 4061 commissarius
1857 3991 2195 4078 generalis,
2271 4012 2472 4076 quam
2546 3992 3028 4057 examinatores

988 4225 1004 4258 ¹
1039 4227 1325 4287 timeantur,
1346 4225 1460 4277 MS.
1960 4231 1970 4289 Ι
2088 4221 2111 4255 ²
2144 4223 2422 4286 civitatum,
2442 4223 2556 4275 MS.
