3592 5817
1077 894 1474 945 nmmum
1519 894 1925 946 mmmmm
1970 896 2456 948 DUNELMENSE.
2738 886 2822 949 53

378 1092 472 1139 An.
487 1093 514 1140 ⁷
529 1090 616 1139 nu.
625 1092 666 1139 1.
717 1074 946 1163 wapp',
993 1078 1511 1167 thredingomm,
1580 1087 1650 1148 et
1732 1080 2133 1148 auxiliorum
2207 1084 2685 1162 vicecomitum,
2755 1090 2826 1151 et
2882 1092 3127 1139 A·D·12⁷⁹·

715 1179 1112 1245 ballivorum
1171 1202 1455 1260 suorum,
1503 1188 1574 1249 et
1617 1183 1700 1248 de
1759 1185 2065 1249 omnibus
2110 1183 2370 1269 placitis
2416 1191 2485 1249 et
2544 1186 2824 1270 querelis

717 1302 865 1367 quae
909 1283 997 1348 ad
1041 1283 1471 1360 vicecomites,
1519 1291 1589 1349 et
1653 1284 1933 1350 ballivos
1977 1306 2145 1362 suOS‚
2204 1285 2581 1371 pertinent;
2625 1286 2825 1352 salvis

610 1372 621 1382 ⁸
715 1381 977 1467 placitis
1051 1404 1200 1468 quae
1274 1385 1610 1471 pertinent
1670 1386 1756 1450 ad
1832 1406 2135 1451 coronam
2198 1386 2449 1451 domini
2523 1387 2711 1473 regis,
2759 1392 2827 1453 et

717 1484 1222 1571 atachiamentis
1267 1486 1619 1551 eorundem
1679 1486 1871 1552 factis
1915 1508 2032 1573 per
2082 1488 2514 1564 vicecomites
2562 1508 2824 1555 corona-

719 1590 912 1663 tores,
995 1592 1066 1652 et
1139 1588 1498 1653 servientes
1560 1589 1813 1654 domini
1878 1590 2066 1675 regis,
2154 1596 2225 1689 et
2290 1590 2539 1677 profert
2606 1598 2819 1658 cartas

719 1689 1186 1775 praedictorum
1229 1711 1459 1775 regum
1505 1711 1654 1775 quae
1719 1689 1847 1757 hoc
1889 1696 2237 1757 testantur.
2347 1693 2533 1758 Dicit
2600 1695 2825 1771 etiam,

721 1790 898 1874 quod
940 1790 1294 1875 praedictus
1340 1790 1666 1855 Henricus
1710 1812 1847 1869 rex,
1892 1798 2083 1877 pater
2125 1792 2375 1857 domin'i
2420 1794 2591 1879 regis
2634 1814 2826 1871 nunc,

719 1891 1052 1967 concessit,
1083 1897 1152 1955 et
1181 1896 1362 1956 carta
1391 1911 1526 1967 sua,
1560 1878 1758 1975 quam
1782 1891 2058 1977 profert,
2091 1898 2160 1957 et
2188 1914 2338 1977 quae
2370 1894 2495 1959 hoc
2522 1899 2823 1971 testatur,

717 1992 1146 2069 confirmavit,
1178 1991 1441 2056 cuidam
1488 1990 1791 2068 RobertO,
1839 1992 2295 2077 praedecessori
2340 2014 2476 2070 su0‚
2524 1994 2825 2079 episcopo

701 2091 1164 2171 ‚Dunolmensi,
1196 2093 1372 2178 quod
1403 2092 1560 2180 ipse,
1589 2098 1660 2159 et
1689 2114 1913 2158 omnes
1946 2096 2394 2181 [successores]
2426 2096 2546 2171 sui,
2580 2096 2651 2160 in
2680 2086 2838 2181 per?

713 2200 990 2282 petuum
1035 2196 1326 2261 habeant
1384 2196 1657 2261 liberam
1702 2216 2081 2261 warennam
2127 2196 2200 2260 in
2260 2198 2567 2261 omnibus
2614 2198 2819 2262 domi·
2854 2199 2861 2207 '

713 2295 877 2362 nicis
907 2297 1101 2361 terris
1131 2296 1268 2361 suis
1313 2296 1386 2360 in
1415 2296 1735 2362 comitatu
1766 2295 2057 2361 Eboraci.
2152 2296 2242 2361 Et
2287 2298 2504 2381 quoad
2550 2298 2819 2384 [re]tur-

711 2420 872 2463 num
903 2400 1207 2463 brevium
1251 2399 1431 2483 apud
1461 2397 1821 2475 Houeden',
1853 2398 2017 2463 dicit
2062 2398 2239 2483 quod
2282 2420 2511 2463 revera
2554 2399 2824 2487 quidam

713 2499 1034 2565 Ricardus
1079 2501 1160 2565 de
1204 2500 1436 2593 Vescy,
1484 2500 1817 2584 quondam
1863 2500 2343 2566 subvicecomes
2388 2500 2581 2566 istius
2628 2502 2815 2567 comi·

717 2607 915 2679 tatus,
961 2624 1078 2687 per
1119 2602 1390 2687 aliquod
1434 2606 1712 2687 tempus,
1767 2601 2107 2666 subtraxit
2154 2601 2470 2686 praedicto
2516 2601 2826 2679 Robert0‚
2934 2630 2942 2638 ·

713 2703 1170 2790 praedecessori
1237 2723 1370 2780 suo,
1417 2707 1761 2767 returnum
1828 2701 2135 2766 brevium
2219 2702 2397 2787 apud
2461 2701 2821 2779 Houeden',

709 2825 910 2871 causa
961 2804 1301 2890 cujusdam
1348 2802 1786 2889 contentionis
1846 2802 2021 2883 inter
2066 2801 2286 2887 ipsum
2349 2802 2705 2869 Ricardum
2752 2810 2822 2869 et

712 2906 1069 2991 quendam*
1087 2905 1406 2970 Thomam
1437 2903 1519 2969 de
1565 2903 1877 2980 Metham,
1924 2909 2087 2969 tunc
2116 2904 2437 2969 ballivum
2485 2906 2565 2971 de
2597 2905 2821 2971 Houe-

711 3005 894 3087 den'3
935 3027 1273 3091 quousque
1304 3005 1608 3071 dominus
1631 3004 1959 3069 Hem-icus
1989 3026 2124 3081 reX,
2155 3009 2345 3090 pater
2374 3005 2624 3071 domini
2653 3008 2827 3093 regis

711 3131 905 3187 nunc,
935 3132 1054 3196 per
1095 3107 1594 3193 inquisitionem
1625 3127 1824 3190 quam
1855 3106 2015 3171 inde
2060 3105 2204 3170 fieri
2247 3106 2419 3184 fecit,
2465 3130 2583 3193 per
2618 3108 2818 3194 justi-

710 3210 944 3277 ciarios
1002 3230 1153 3275 suos
1196 3208 1434 3273 ultimo
1501 3205 1891 3271 itinerantes
1933 3207 2007 3269 in
2074 3206 2402 3272 comitatu
2446 3208 2591 3285 isto,
2637 3208 2815 3275 dicto

712 3312 1012 3398 episcopo
1058 3315 1308 3375 statum
1354 3329 1547 3373 suum
1591 3304 1932 3371 restituit.¹

801 3413 894 3478 Et
937 3413 1116 3489 dicit,
1149 3411 1325 3496 quod
1375 3410 1518 3495 ipse
1577 3413 1646 3473 et
1704 3428 1931 3472 omnes
1988 3407 2489 3492 praedecessores
2534 3410 2637 3474 sui
2682 3410 2821 3475 fue·

711 3518 873 3579 runt
914 3513 1072 3578 inde
1117 3513 1190 3577 in
1233 3511 1475 3577 seisina
1517 3530 1560 3575 a
1603 3514 1897 3594 tempore
1950 3529 2079 3592 quo
2124 3528 2259 3573 non
2304 3509 2536 3574 extitit
2579 3532 2822 3576 memo-

710 3616 825 3681 ria.
937 3614 1200 3682 Clamat
1263 3612 1466 3677 etiam
1533 3609 1773 3676 habere
1838 3609 2145 3674 emendas
2208 3608 2429 3675 assisae
2496 3612 2686 3697 panis
2754 3617 2824 3676 et

711 3716 1060 3808 cerevmiae,
1090 3716 1176 3780 ab
1205 3714 1496 3798 antiquo,
1529 3711 1700 3777 sicut
1739 3710 2130 3797 praedictum
2162 3716 2276 3775 est.
2370 3711 2460 3775 Et
2488 3718 2821 3798 praeterea,

715 3839 792 3883 ea
833 3818 1104 3894 ratione,
1152 3816 1328 3901 quod
1373 3814 1574 3879 habet
1603 3813 1849 3878 ibidem
1896 3819 2255 3879 mercatum
2301 3818 2370 3879 et
2413 3814 2659 3892 feriam,
2707 3838 2823 3901 per

715 3926 926 3985 cau-tas
972 3919 1142 4005 regis
1186 3918 1234 3982 J
1234 3916 1525 3993 ohannis,
1573 3936 1736 4001 quas
1786 3914 2052 4000 profert,
2099 3920 2167 3980 et
2211 3935 2361 3999 quse
2405 3916 2529 3982 hoc
2573 3922 2820 3983 testan-

713 4026 870 4100 tur;
913 4026 982 4085 et
1026 4019 1202 4104 quod
1245 4019 1384 4104 ipse
1429 4022 1498 4083 et
1542 4038 1766 4083 omnes
1795 4016 2295 4101 praedecessores
2340 4018 2444 4081 sui
2488 4019 2831 4104 praedictis.

713 4122 1148 4198 libertatibus,
1194 4121 1366 4186 sieut
1431 4119 1823 4205 praedictum
1868 4123 1982 4195 est,
2029 4118 2133 4182 usi
2178 4123 2351 4195 sunt,
2414 4120 2586 4203 petit
2645 4121 2822 4204 quod

712 4224 1091 4309 inquiratur
1139 4244 1259 4309 per
1325 4221 1623 4307 patriam.
1739 4219 1830 4285 Et
1876 4219 2213 4286 Gilbertus
2281 4220 2363 4285 de
2409 4220 2826 4299 Thorneton’,·

710 4326 830 4413 qui
873 4326 1172 4411 sequitur
1214 4344 1334 4409 pro
1378 4323 1641 4387 domino
1670 4342 1823 4406 rege
1853 4320 2171 4385 similiter.
2240 4320 2331 4385 Et
2360 4320 2405 4385 J
2406 4320 2695 4386 ohannes
2739 4322 2823 4387 de

781 4552 796 4584 ¹
831 4550 985 4602 Aster-
1007 4550 1246 4612 restituit,
1279 4549 1423 4600 there
1457 4547 1501 4597 is
1524 4563 1556 4597 a
1576 4546 1722 4611 large
1812 4550 1845 4575 “
1879 4545 1978 4595 nisi
2014 4547 2271 4595 ballenam
2293 4554 2510 4608 tantum,
2536 4548 2580 4596 si
2616 4548 2820 4597 ballena

713 4646 863 4695 space
886 4630 980 4681 left
1003 4637 1224 4690 vacant3
1260 4630 1354 4678 but
1387 4642 1454 4676 on
1489 4626 1578 4675 the
1601 4626 1723 4677 Pla-
1812 4627 1845 4654 ‘⁶
1880 4625 1980 4675 dici
2003 4626 2189 4676 debeat
2222 4640 2487 4685 wreccum,
2510 4636 2561 4675 et
2595 4627 2693 4677 hoc
2716 4628 2828 4677 ela--

714 4710 818 4761 cita
864 4708 1079 4761 Coronae
1136 4708 1258 4759 Ron
1317 4706 1406 4757 the
1463 4703 1724 4771 following
1814 4706 1846 4731 ‘⁸
1883 4712 2005 4765 mat,
2029 4704 2186 4753 salvis
2210 4704 2417 4753 domino
2438 4704 2547 4769 regi
2573 4705 2742 4769 capite
2766 4714 2819 4755 et

715 4789 889 4839 clause
910 4798 1110 4839 occurs:
1134 4790 1166 4815 ‘⁸
1183 4788 1250 4837 Et
1263 4802 1364 4851 quo
1387 4787 1454 4835 ad
1476 4800 1724 4835 wreccum
1814 4786 1847 4811 “
1882 4783 2094 4834 cauda.’'

713 4870 748 4897 ‘⁸
779 4867 936 4917 maris
954 4867 1096 4929 dicit,
1106 4868 1242 4931 quod
1253 4865 1384 4915 nihil
1405 4865 1524 4915 inde
1537 4864 1724 4915 clamat
