3592 5817
1484 505 1855 554 APPENDIX.
2594 493 2720 555 585

619 693 986 757 manerium
1049 713 1334 778 praesens
1400 713 1532 757 non
1596 685 1914 770 extiterit,
1976 692 2258 768 sufficiat
2332 695 2389 758 si
2466 697 2722 761 custodi

619 795 779 860 dicti
840 795 1114 859 manerii
1190 816 1258 858 se
1326 799 1693 879 praesentet,
1757 800 1826 859 et
1900 816 2161 859 causam
2230 797 2333 860 sui
2394 797 2722 863 adventus

619 902 922 980 exponat.
1017 895 1091 960 Si
1135 900 1358 960 autem
1403 896 1744 980 contingat
1787 895 2245 962 haereditatem
2290 919 2503 964 meam
2550 901 2724 966 inter

619 1017 866 1067 sorores
912 1017 1047 1060 esse
1094 995 1392 1072 divisam,
1440 995 1680 1060 seniori
1725 997 1944 1074 sorori,
1992 997 2099 1062 vel
2146 998 2202 1082 ej
2210 1019 2287 1062 us
2332 998 2719 1079 haeredibus,

619 1096 779 1159 dum
824 1096 906 1159 de
951 1095 1268 1180 sanguine
1314 1116 1458 1159 meo
1503 1095 1766 1172 fuerint,
1814 1096 1901 1160 ad
1946 1096 2197 1161 dictum
2228 1099 2595 1163 manerium
2640 1101 2722 1165 de

619 1196 1006 1262 Wichenore
1065 1196 1229 1261 dicti
1291 1195 1604 1281 magistri,
1667 1196 1792 1260 sub
1860 1196 2070 1261 forma
2128 1200 2524 1284 praescripta,
2600 1201 2721 1267 fiat

617 1298 1052 1383 praesentatio.
1144 1297 1380 1362 Dictus
1443 1318 1599 1362 vero
1663 1299 1991 1383 magister,
2040 1321 2189 1364 cum
2257 1301 2337 1364 de
2406 1303 2721 1387 praedicto

615 1399 904 1464 manerio
927 1445 940 1452 -
977 1398 1307 1464 Oxoniam
1353 1398 1636 1475 redierit,
1686 1397 2109 1476 Cancellario,
2158 1401 2266 1464 vel
2334 1403 2475 1487 ejus
2546 1425 2716 1470 com-

617 1501 930 1575 missario,
977 1499 1469 1576 Universitatis,
1516 1500 1634 1584 qui
1677 1521 1796 1585 pro
1843 1505 2005 1566 tunc
2068 1501 2285 1578 fuerit,
2333 1504 2549 1588 priori,
2596 1527 2712 1570 seu

617 1602 873 1665 custodi
903 1599 1370 1665 monachorum
1399 1600 1947 1665 Dunelmensium
1981 1601 2258 1667 Oxoniae
2290 1605 2717 1684 studentium,

615 1702 862 1767 ibidem
892 1724 1010 1787 pro
1042 1701 1386 1766 voluntate
1432 1701 1684 1766 domini
1712 1703 1949 1787 prioris
1980 1703 2353 1770 Dunelmiae
2384 1707 2717 1791 deputato,

616 1808 685 1867 et
729 1803 985 1868 duobus
1029 1803 1361 1888 magistris
1425 1801 1809 1868 extrinsecis
1854 1804 2313 1882 assidentibus
2360 1828 2479 1891 per
2540 1809 2719 1893 prin-

615 1904 892 1990 cipalem
939 1910 1007 1968 et
1052 1925 1260 1967 unum
1311 1903 1393 1966 de
1439 1903 1821 1980 senioribua
1892 1904 2000 1968 vel
2046 1927 2163 1989 per
2207 1906 2371 1971 duos
2418 1909 2716 1987 senioreS,

621 2009 1094 2090 praesentetur:
1171 2025 1213 2068 a
1257 2003 1498 2087 quibus
1567 2003 1707 2067 sine
1773 2006 2295 2072 contradictione
2342 2011 2718 2078 omnimoda

617 2106 1052 2170 confirmetur.
1147 2104 1384 2170 Coram
1447 2103 1688 2189 quibus
1732 2110 2007 2188 praestet
2056 2106 2513 2190 juramentum
2581 2134 2717 2178 cor-

616 2205 852 2290 porale,
902 2205 1343 2269 ordinationes
1389 2209 1458 2268 et
1501 2205 2005 2270 constitutiones
2052 2229 2170 2291 per
2214 2209 2465 2275 dictum
2512 2213 2717 2280 domi-

615 2327 778 2370 num
842 2305 1240 2390 Philippum,
1288 2304 1370 2369 de
1434 2325 1750 2369 consensu
1795 2306 2259 2389 praedictorum
2306 2311 2716 2382 Scholarium

619 2407 846 2484 editas,
879 2406 1164 2471 fideliter
1209 2406 1589 2470 observare:
1635 2410 1704 2469 et
1747 2406 1923 2470 idem
1962 2407 2415 2491 juramentum
2447 2423 2718 2499 praestet

615 2509 701 2573 ad
768 2507 1136 2573 manerium
1207 2506 1288 2570 de
1334 2504 1739 2582 Wichenore,
1810 2529 2025 2572 coram
2081 2511 2346 2578 domino
2414 2519 2714 2600 praedicti

615 2609 908 2686 manerii,
957 2608 1012 2671 si
1057 2612 1350 2692 tempore
1395 2627 1532 2671 suae
1592 2610 2119 2691 praesentationis
2152 2613 2455 2682 dominus
2502 2620 2718 2686 dictus

613 2731 898 2796 praesens
931 2708 1241 2773 extiterit.
1323 2706 1725 2772 Cancellario
1757 2730 1927 2786 vero,
1961 2710 2068 2775 vel
2092 2713 2146 2798 ej
2155 2736 2231 2778 us
2262 2719 2718 2800 commissariO,

614 2812 816 2897 priori
887 2833 1004 2876 seu
1071 2809 1339 2875 custode
1405 2808 1871 2874 monachorum
1942 2815 2272 2897 praedicto,
2337 2826 2459 2884 aut
2524 2823 2718 2889 dictis

613 2913 870 2977 duobus
900 2911 1232 2996 magistris
1263 2909 1664 2986 extrinsecis,
1698 2911 1770 2973 in
1801 2910 1927 2976 hac
1977 2921 2180 2997 parte,
2214 2919 2719 3006 negligentibus,

616 3015 724 3079 vel
763 3014 926 3080 alias
973 3011 1522 3097 qualitercunque
1568 3012 1951 3096 praedictam
2000 3017 2560 3089 confirmationem
2605 3048 2717 3091 ex-

615 3117 839 3203 pedire
883 3114 1278 3190 nolentibus,
1310 3112 1434 3177 hoc
1479 3113 1622 3198 ipso
1671 3115 1850 3198 quod
1879 3116 2140 3194 eisdem,
2190 3127 2268 3185 ut
2319 3126 2715 3207 praedicitur,

615 3219 710 3284 sic
753 3217 998 3283 electus
1043 3219 1478 3300 praesentatus
1522 3213 1740 3291 fuerit,
1786 3238 1905 3301 pro
1950 3219 2331 3288 confirmato
2376 3225 2712 3296 habeatur.

617 3321 707 3384 Et
781 3317 1138 3385 consimilis
1227 3316 1452 3392 forma,
1530 3317 1746 3400 quoad
1830 3319 2287 3388 admissionem
2364 3329 2714 3412 cujuslibet

615 3421 810 3486 dietae
856 3420 1088 3484 domus
1157 3417 1346 3484 electi
1397 3416 1484 3482 ad
1547 3417 2022 3484 intendendum
2092 3445 2288 3490 sacrae
2349 3429 2710 3520 theologiae,

616 3529 685 3588 et
760 3521 977 3607 quoad
1067 3519 1208 3604 ejus
1298 3519 1738 3603 receptionem
1816 3543 2031 3587 coram
2124 3537 2481 3598 memorato
2559 3555 2709 3600 can-

615 3624 889 3700 cellario,
950 3621 1059 3687 vel
1119 3620 1261 3706 ejus
1320 3620 1774 3699 commissario,
1841 3624 1962 3709 [et]
2024 3628 2237 3712 priore
2284 3651 2398 3697 seu
2443 3638 2753 3703 custode·
2856 3663 2864 3670 ·

615 3723 1081 3790 monachorum
1179 3720 1510 3806 praedictO,
1604 3742 1680 3786 ac
1754 3723 1950 3789 dictis
2044 3727 2299 3794 duobus
2380 3737 2713 3822 magistris

615 3825 1016 3900 extrinseciS,
1062 3821 1362 3908 punctim
1423 3821 1821 3888 observetur.
1916 3825 2063 3892 Hoc
2107 3831 2307 3896 etiam
2366 3834 2438 3898 in
2485 3839 2713 3905 eadem

617 3929 810 3994 domo
853 3923 1224 4012 specialiter
1269 3923 1666 4002 observetur,
1716 3931 1812 4003 ut,
1862 3927 2035 3994 circa
2078 3951 2187 3996 eos
2234 3935 2350 4018 qui
2393 3938 2479 4002 ad
2527 3939 2709 4008 theo-

613 4029 858 4115 logiam
924 4025 1173 4090 fuerint
1217 4023 1499 4110 eligendi
1545 4024 1850 4110 diligenti
1916 4029 2355 4104 sollicitudine
2401 4048 2713 4109 caveatur

613 4153 699 4196 ne
744 4129 860 4216 qui
921 4127 1028 4193 vel
1074 4126 1238 4212 quis,
1269 4131 1506 4211 praeter
1549 4125 1901 4192 honestum
1962 4131 2069 4197 vel
2112 4133 2435 4218 honestos,
2482 4149 2708 4224 castos,

615 4232 916 4319 pacificos
979 4235 1048 4294 et
1113 4226 1412 4304 humiles,
1492 4226 1579 4292 ad
1647 4229 1989 4296 scientiam
2058 4233 2323 4317 habiles,
2370 4262 2449 4308 ac
2514 4247 2709 4330 profi-

617 4356 760 4401 cere
789 4332 1102 4409 volenteS,
1135 4329 1614 4396 admittantur:
1659 4351 1823 4416 quos
1867 4355 1985 4418 per
2044 4342 2583 4412 communitatem
2628 4349 2711 4416 de

77 5461 2953 5790 ζ
