3592 5817
960 854 1358 905 nsum-suu
1401 854 1813 906 Pmmm
1844 854 2345 905 nusmnsss.
2618 842 2707 906 83

589 1053 915 1103 canonum
959 1043 1306 1125 praecepta,
1353 1060 1596 1124 usque·
1623 1038 1714 1104 ad
1786 1058 1935 1104 mea
2006 1042 2321 1124 tempora,
2366 1038 2441 1102 in
2500 1048 2703 1123 regno

587 1136 851 1223 Angliae
909 1137 1198 1216 fuerunt,
1241 1140 1576 1215 communi
1644 1138 1931 1216 consilio,
1978 1144 2049 1205 et
2114 1138 2385 1205 consilio
2452 1138 2700 1204 ambie-

589 1238 1020 1325 pisceporum‚
1081 1246 1152 1307 et
1218 1240 1684 1327 episcoporum,
1747 1246 1839 1305 et‘
1882 1240 2216 1319 abbatum,
2277 1245 2348 1306 et
2404 1239 2701 1305 omnium

587 1342 964 1427 principum
1007 1343 1196 1430 regni
1240 1344 1388 1422 mei,
1437 1343 1881 1409 emendandas
1935 1342 2257 1428 judicavi.
2346 1342 2701 1429 Propterea

589 1443 846 1520 mande,
881 1449 949 1509 et
991 1446 1176 1531 regia
1201 1445 1600 1511 auctoritate
1637 1443 1963 1531 praecipiO,
1992 1450 2075 1509 ut
2102 1444 2327 1509 nullus
2356 1443 2698 1531 episcopus

589 1542 701 1607 vel
743 1544 1254 1624 archidiacenus,
1302 1545 1384 1610 de
1447 1544 1704 1631 legibus
1749 1544 2242 1631 episcopalibus,
2294 1544 2581 1631 amplius
2624 1545 2700 1608 in

587 1640 898 1709 hundret'
958 1645 1206 1731 placita
1263 1650 1508 1722 teneat,
1553 1666 1678 1711 nec
1733 1664 2001 1711 causam
2069 1666 2219 1730 quse
2274 1644 2365 1711 ad
2408 1644 2700 1731 regimen

583 1742 960 1815 animam-um
1025 1745 1314 1830 pertinet
1351 1744 1438 1809 ad
1497 1743 1829 1829 judicium
1892 1744 2305 1811 saecularium
2354 1744 2704 1810 hominum

584 1841 892 1910 adducat.
983 1844 1119 1911 Sed
1182 1845 1575 1931 quicunque,
1622 1845 1987 1911 secundum
2046 1845 2445 1932 episcopales
2502 1846 2698 1932 leges,

587 1941 672 2007 de
715 1964 1106 2030 quacunque
1173 1952 1374 2013 causa
1413 1945 1526 2010 vel
1591 1946 1790 2032 culpa
1846 1946 2304 2033 interpellatus
2348 1947 2565 2025 fuerit,
2610 1948 2699 2013 ad

583 2041 802 2111 lecum
849 2067 1046 2132 quem
1089 2048 1176 2113 ad
1220 2046 1348 2115 hoe
1391 2047 1736 2133 episeopus
1781 2046 2057 2133 elegerit
2100 2053 2171 2113 et
2234 2047 2697 2126 nominaverit,

584 2145 828 2225 veniat,
875 2147 1102 2233 ibique
1168 2146 1252 2213 de
1319 2168 1520 2215 causa
1561 2149 1673 2214 vel
1731 2148 1929 2235 culpa
1988 2170 2111 2215 sua
2152 2150 2585 2236 respondeat3
2629 2156 2701 2216 et

583 2265 722 2311 non
764 2249 1126 2315 secundum
1167 2248 1498 2327 hundret',
1543 2250 1662 2315 sed
1711 2249 2092 2317 secundum.
2118 2270 2401 2317 canones
2445 2254 2516 2315 et
2560 2248 2697 2335 epi-

579 2348 872 2432 scopales
915 2349 1108 2436 leges,
1155 2354 1413 2417 rectum
1455 2350 1600 2417 Deo
1646 2357 1715 2417 et
1781 2352 2084 2437 episcope
2125 2372 2251 2417 suo
2310 2350 2527 2417 faciat.
2622 2349 2699 2415 si

581 2468 740 2512 vere
767 2449 1035 2535 aliquis,
1077 2472 1198 2537 per
1247 2452 1626 2537 superbiam
1671 2451 1901 2529 elatus,
1948 2452 2036 2518 ad
2072 2451 2409 2537 justitiam
2453 2450 2699 2537 episco-

579 2549 798 2634 palem
842 2551 1070 2616 venire
1115 2552 1598 2637 contempserit,
1645 2552 1755 2617 vel
1802 2551 2107 2629 noluerit,
2161 2556 2437 2617 vocetur
2480 2549 2695 2627 semel,

575 2650 882 2728 secunde,
927 2658 999 2717 et
1042 2651 1258 2717 tertie.
1356 2650 1550 2731 Quod
1579 2651 1638 2716 si
1685 2672 1810 2718 nec
1874 2651 1971 2718 sic
2015 2650 2106 2717 ad
2172 2649 2697 2715 emendationem

578 2752 855 2828 venerit,
888 2753 1536 2833 excommunicetur3
1581 2752 1666 2831 et,
1713 2754 1770 2817 si
1818 2773 1987 2838 opus
2012 2752 2235 2830 fuerit,
2264 2752 2353 2823 ad
2394 2750 2521 2817 hoc
2548 2750 2696 2815 vin-

581 2852 952 2930 dicandum,
999 2859 1070 2918 et
1111 2852 1437 2919 fortitude
1483 2858 1552 2919 et
1587 2852 1861 2938 justitia
1904 2853 2094 2939 regis,
2140 2852 2251 2917 vel
2292 2852 2696 2919 vicecomitis

577 2952 986 3019 adhibeatur.
1080 2953 1206 3019 Ille
1266 2960 1496 3020 autem
1564 2955 1682 3040 qui
1733 2960 2009 3021 vocatus
2034 2954 2141 3019 'ad
2178 2954 2515 3039 justitiam
2560 2953 2696 3039 epi-

577 3057 760 3142 scopi
801 3056 1029 3122 venire
1073 3056 1376 3133 noluerit,
1421 3077 1542 3141 pre
1608 3076 2009 3141 unaquaque
2074 3055 2419 3121 vocatione
2482 3054 2695 3140 legem

577 3158 1012 3244 episcopalem
1085 3157 1480 3223 emendabit.
1576 3157 1724 3223 Hoc
1787 3156 1990 3223 etiam
2065 3155 2361 3233 defende,
2409 3161 2479 3220 et
2548 3176 2697 3221 mea

577 3259 972 3325 auctoritate
1015 3258 1354 3336 interdicO,
1386 3278 1472 3323 ne
1516 3258 1694 3322 ullus
1722 3258 2081 3323 vicecomes
2124 3261 2247 3322 aut
2286 3256 2695 3342 pmepositus,

579 3378 698 3423 seu
740 3359 1044 3423 minister
1083 3358 1273 3445 regis,
1320 3378 1442 3424 nec
1485 3358 1726 3442 aliquis
1771 3358 1977 3423 laicus
2029 3357 2243 3434 home,
2290 3358 2373 3421 de
2439 3356 2695 3451 legibus
2801 3362 2818 3374 ‘

577 3480 730 3544 quae
773 3460 860 3524 ad
905 3460 1282 3545 episcopum
1325 3459 1666 3547 pertinent
1709 3478 1780 3523 se
1824 3457 2249 3535 intromittat,
2292 3478 2416 3523 nec
2454 3456 2694 3541 aliquis

577 3558 783 3625 laicus
827 3560 1026 3626 homo
1069 3560 1276 3626 alium
1335 3555 1692 3635 hominem,
1740 3558 1887 3623 sine
1940 3557 2216 3643 justitia
2260 3556 2560 3642 episcopi,
2606 3556 2695 3621 ad

569 3658 898 3743 judicium
941 3659 1244 3726 adducat.
1308 3659 1356 3725 J
1357 3659 1655 3724 udicium
1684 3679 1842 3724 vero
1870 3658 1945 3722 in
1972 3657 2159 3723 nulle
2187 3658 2329 3725 leco
2374 3663 2689 3746 portetur,

579 3760 708 3827 nisi
775 3762 848 3824 in
917 3754 1267 3847 episcopali
1311 3760 1486 3838 sede,
1533 3765 1654 3826 aut
1707 3760 1807 3823 in⁴
1844 3758 1964 3841 ille
2009 3759 2150 3826 loco
2196 3780 2392 3845 quem
2436 3761 2524 3827 ad
2568 3759 2692 3829 hoc

579 3862 921 3947 episcopus
967 3862 1398 3929 constituerit.

1116 4063 1284 4129 Haec
1299 4061 1324 4101 ¹
1345 4061 1701 4128 indentura
1719 4062 2061 4148 tripartita
2087 4066 2388 4141 testatur,
2412 4062 2589 4147 quod
2616 4062 2691 4126 in

1027 4162 1261 4248 vlglha‘
1147 4163 1162 4177 ‘
1197 4162 1212 4177 ⁸
1301 4161 1510 4227 Punfi·
1510 4162 1786 4227 cationis
1833 4162 2057 4227 Beatae
2118 4162 2349 4228 Marioe
2378 4161 2671 4247 Virgims‘
2618 4162 2633 4175 '
2670 4212 2687 4239 ,

573 4284 751 4331 anno
781 4262 1054 4329 Domini
1100 4262 1421 4347 [u]ccc¹¹²⁰.
1452 4260 1762 4327 vicesimo
1792 4260 2045 4346 quinto,
2075 4260 2251 4327 dena
2292 4261 2691 4345 subsequen-

579 4367 678 4432 tia
741 4364 1008 4429 filerant
1049 4364 1330 4434 liberata
1372 4361 1731 4427 reverende
1775 4360 1969 4446 patri,
2016 4360 2283 4426 domino
2327 4361 2689 4439 RoulendO,

579 4467 1066 4533 Armakanensi
1131 4464 1633 4553 archiepiscope,
1704 4462 1962 4529 custodi
2050 4462 2395 4550 hospitalis
2460 4462 2690 4533 Sancti

2713 4072 2828 4118 Aa).
2844 4076 2963 4121 188.

2776 4124 2811 4167 1.
2827 4126 2968 4171 mb-

2716 4184 2975 4231 ludentum

2714 4236 3025 4381 Ξοᾞω

2714 4386 2797 4429 the

2714 4436 2769 4479 or
2780 4434 2848 4479 st.
2938 4458 2960 4473 -

2713 4485 2861 4531 mund
2876 4486 2929 4530 in

583 4568 916 4633 Edmundi
965 4566 1388 4643 Confessoxis‚
1437 4565 1512 4631 in
1559 4563 1995 4645 Gatesheved,
2041 4586 2159 4651 per
2189 4565 2528 4631 deminum
2572 4567 2620 4633 J
2620 4588 2687 4635 o-
2711 4536 3022 4642 ms

1281 4804 1298 4838 ¹
1331 4804 1392 4855 In
1413 4818 1446 4855 a
1468 4803 1620 4855 much
1640 4802 1773 4854 later
1792 4802 1947 4854 hand.
2262 4819 2269 4828 ·

2283 4900 2327 4948 r
2376 4887 2414 4949 2
