3592 5817
797 884 881 944 22
1205 894 1556 945 misrmm
1600 894 2007 944 PALATINUM
2053 894 2539 944 DUNELMENSE.

479 1100 721 1145 A.1›.1³oo.
797 1092 1024 1150 menta
1066 1084 1182 1149 illa
1208 1085 1292 1149 de
1324 1083 1626 1149 Penreth’
1659 1090 1728 1148 et
1761 1084 2076 1169 Soureby‚
2110 1106 2259 1149 cum
2290 1086 2726 1170 pertinentiis,
2759 1088 2903 1166 sibi,
2928 1091 3013 1135 An.
3029 1094 3081 1135 34
3098 1089 3247 1135 Edd-

791 1190 995 1273 juxta
1045 1193 1339 1252 tenorem
1391 1187 1618 1271 scripti
1663 1187 1981 1272 praedieti,
2030 1186 2483 1252 liberarentur.
2579 1188 2669 1252 Et
2712 1211 2908 1275 super

801 1292 938 1367 hoe,
986 1289 1162 1353 idem
1207 1310 1326 1353 rex
1359 1288 1718 1365 Scotorum,
1751 1289 2071 1374 quaesitus
2117 1290 2175 1353 si
2221 1289 2447 1374 aliqua
2488 1290 2621 1354 alia
2664 1292 2913 1376 scripta

803 1392 913 1456 vel
980 1390 1394 1454 munimenta
1452 1389 1708 1466 habeat,
1781 1410 1899 1475 per
1958 1412 2107 1475 quse
2172 1392 2493 1476 praediota
2536 1398 2916 1479 tenementa

807 1498 1030 1579 petere
1059 1491 1226 1556 velit
1269 1513 1346 1557 ac
1389 1492 1648 1576 poterit,
1681 1497 1803 1555 aut
1844 1492 1901 1555 si
1942 1491 2073 1556 alio
2118 1492 2313 1557 modo
2358 1514 2439 1557 ea
2480 1498 2682 1578 petat,
2716 1515 2915 1579 quam

809 1593 1166 1661 seeundum
1196 1594 1472 1658 formam
1514 1594 1743 1679 scripti
1787 1594 2105 1678 praedieti,
2152 1595 2498 1659 manifeste
2530 1595 2707 1673 dicit,
2742 1596 2917 1680 quod

807 1696 940 1761 alia
983 1696 1227 1781 scripta
1249 1728 1266 1747 ·
1285 1716 1403 1759 seu
1461 1696 1878 1760 munimenta
1936 1696 2093 1760 inde
2153 1718 2292 1761 non
2351 1696 2569 1774 habet,
2615 1718 2737 1764 nee
2788 1696 2918 1763 alio

809 1799 1003 1863 modo
1033 1798 1325 1883 eapetit,
1359 1802 1478 1861 aut
1521 1796 1762 1861 habere
1793 1796 2051 1873 elamat,
2083 1798 2213 1861 nisi
2259 1798 2618 1862 seeundum
2642 1800 2917 1864 formam

813 1906 884 1965 et
926 1905 1220 1974 tenorem
1265 1898 1494 1984 scripti
1539 1898 1848 1982 ejusdem.
1969 1898 2059 1963 Et
2102 1900 2263 1983 quia
2306 1899 2483 1963 idem
2528 1922 2647 1964 rex
2696 1900 2919 1965 Scoto-

813 2025 962 2067 rum
1008 1989 1324 2086 seriptum
1384 2000 1775 2085 praedictum
1838 2001 2089 2065 domini
2141 2001 2419 2066 Henriei
2480 2002 2665 2087 regiS,
2714 2003 2922 2087 patris

807 2102 1066 2166 domini
1125 2102 1296 2187 regis
1355 2122 1548 2178 nunc,
1618 2102 1869 2186 profert
1913 2103 1985 2165 in
2044 2101 2144 2167 for
2152 2124 2261 2167 ma
2306 2103 2635 2188 praedicta,
2706 2103 2923 2189 sigillo

719 2272 724 2275 ,
817 2204 1111 2289 ejusdem
1159 2203 1410 2267 domini
1469 2203 1744 2268 Henrici
1803 2204 1975 2289 regis
2022 2204 2381 2289 signatum,
2416 2204 2593 2289 quod
2638 2210 2925 2269 testatur

821 2306 998 2391 quod
1041 2312 1236 2370 terrae
1295 2310 1365 2369 et
1408 2310 1789 2370 tenementa
1848 2306 2168 2392 praedicta
2228 2306 2387 2370 data
2430 2307 2701 2371 suerunt
2728 2298 2924 2392 xpraess

820 2408 994 2473 dicto
1012 2406 1413 2483 Alexandm,
1438 2407 1576 2491 regi
1611 2406 1868 2483 Scotiae,
1894 2408 2287 2471 antecessori
2319 2408 2577 2492 praefati
2602 2408 2647 2471 J
2649 2406 2928 2473 ohannis

819 2512 990 2599 regis
1007 2532 1201 2586 nune,
1235 2509 1524 2572 tenenda
1553 2508 1682 2572 sibi
1712 2513 1781 2573 et
1812 2508 2186 2573 haeredibus
2218 2509 2370 2585 mie,
2396 2509 2659 2594 regibus
2690 2508 2929 2575 Sootiae

822 2617 891 2677 et
933 2613 1110 2676 idem
1157 2611 1202 2674 J
1203 2610 1495 2675 ohannes
1554 2632 1676 2675 rex
1731 2616 1833 2675 est
1890 2610 2101 2675 haeres
2147 2610 2356 2695 ipsius
2416 2610 2801 2688 Alexandri,
2862 2616 2931 2677 et

819 2736 940 2780 rex
1017 2712 1270 2789 Scotiae,
1339 2734 1460 2777 nee
1536 2713 1712 2777 idem
1781 2712 1829 2776 J
1830 2712 2121 2777 ohannes
2195 2734 2315 2777 rex
2384 2712 2591 2777 alium
2680 2718 2929 2777 statum

824 2817 1066 2882 elamat
1117 2815 1189 2877 in
1233 2814 1426 2877 terris
1473 2818 1542 2877 et
1585 2815 1981 2878 tenementis
2042 2814 2188 2890 iuis,
2236 2815 2367 2877 nisi
2406 2815 2609 2897 juxta
2634 2813 2929 2893 ,formam

827 2921 896 2982 et
946 2922 1242 2980 tenorem
1309 2915 1538 3000 scripti
1601 2916 1941 3000 praedioti3
2014 2916 2163 2981 ideo
2210 2916 2450 2981 seisina
2492 2921 2818 2980 terrarum
2862 2920 2933 2980 et

827 3022 1353 3082 tenementorum
1399 3016 1753 3081 eorundem
1816 3017 1944 3081 sibi
2004 3017 2321 3081 liberetur
2364 3018 2439 3081 in
2497 3017 2709 3081 forma
2767 3038 2931 3102 prae—

829 3120 1022 3197 dieta‚
1085 3123 1155 3183 et
1205 3118 1408 3203 juxta
1459 3122 1754 3183 tenorem
1801 3119 2031 3203 scripti
2076 3119 2407 3203 ejusdem3
2452 3119 2635 3183 salvo
2680 3140 2937 3205 semper

753 3296 756 3301 .
819 3222 970 3307 jure
1013 3220 1222 3305 ipsius
1254 3220 1504 3302 domini
1548 3220 1720 3305 regis
1749 3220 2012 3305 Angliae
2043 3225 2112 3285 et
2140 3220 2412 3285 alterius
2454 3220 2937 3305 cujuscunque3

831 3324 928 3388 ita
973 3322 1162 3408 quod,
1210 3322 1266 3385 si
1314 3321 1618 3385 dominus
1663 3342 1783 3385 rex
1828 3320 2091 3406 Angliae
2152 3326 2223 3386 et
2264 3322 2556 3386 haeredes
2601 3322 2721 3399 sui,
2769 3327 2934 3387 tem-

833 3425 1102 3512 poribus
1147 3424 1406 3500 futuris,
1453 3428 1661 3487 terras
1699 3427 1777 3488 'et
1821 3428 2205 3487 tenementa
2248 3424 2578 3508 praedicta,
2613 3446 2762 3499 cum
2792 3446 2937 3511 per-

833 3526 1152 3603 tinentiis,
1199 3546 1428 3589 versus
1473 3525 1867 3609 praedictum
1912 3516 2132 3610 regbm
2181 3524 2435 3601 scotiae,
2482 3530 2603 3588 aut
2644 3524 2939 3591 haeredes

833 3650 998 3706 SUOS,
1045 3632 1266 3713 petere
1295 3627 1644 3705 voluerint,
1691 3626 1868 3690 idem
1912 3648 2033 3690 rex
2078 3625 2317 3691 Scotiae
2372 3630 2441 3689 et
2483 3624 2775 3691 haeredes
2834 3628 2941 3691 sui

834 3728 1004 3793 nihi]
1048 3730 1121 3791 in
1166 3727 1358 3792 terris
1403 3733 1473 3792 et
1516 3728 1912 3792 tenementis
1941 3728 2090 3805 illis,
2133 3748 2283 3793 cum
2328 3727 2762 3812 pertinentiis,
2810 3729 2939 3794 cla-

836 3850 1016 3895 mare
1089 3833 1417 3915 poterunt,
1495 3828 1625 3892 nisi
1715 3830 2073 3895 secundum
2150 3829 2428 3893 formam
2504 3834 2573 3893 et
2647 3834 2941 3895 tenorem

839 3932 1064 4017 scripti
1111 3930 1450 4016 praedicti,
1473 3935 1672 4015 prout
1715 3930 1892 3995 idem
1944 3952 2063 3995 rex
2109 3929 2349 3996 Scotiae
2395 3934 2601 3995 terras
2647 3937 2717 3996 et
2760 3938 2941 3997 tene-

841 4039 1069 4100 menta
1119 4033 1237 4097 illa
1279 4032 1473 4098 modo
1517 4012 1731 4118 petiit,
1779 4038 1898 4099 ete.
2016 4032 2106 4096 Et
2148 4032 2326 4096 idem
2386 4054 2505 4096 rex
2552 4031 2791 4099 Scotiae
2838 4034 2945 4099 die

1171 4135 1448 4200 Veneris
1508 4136 1814 4221 proxima
1858 4138 2012 4199 ante
2072 4134 2315 4199 festum
2380 4134 2696 4198 Omnium
2744 4136 2943 4203 Sane—

837 4204 1081 4269 ffl'yndale.
1174 4243 1410 4315 torum,
1443 4241 1584 4302 tam
1629 4258 1748 4322 pro
1793 4236 1987 4301 terris
2034 4241 2102 4300 et
2146 4236 2539 4300 tenementis
2584 4236 2715 4300 illis
2746 4258 2945 4321 quam

837 4364 956 4430 pro
1046 4340 1238 4406 terris
1314 4339 1394 4403 de
1487 4338 1799 4423 Tynda-le,
1880 4342 1950 4402 et
2038 4338 2241 4402 etiam
2332 4358 2449 4421 pro
2543 4342 2729 4422 parte
2826 4358 2948 4402 sua

838 4443 1105 4511 honoris
1166 4443 1247 4506 de
1309 4438 1774 4525 Huntingdon'
1822 4439 2040 4525 ipsum
2109 4460 2329 4524 regem
2393 4436 2631 4502 Scotiae
2692 4440 2947 4504 eontin-

841 4551 1055 4634 gente,
1139 4544 1300 4609 feeit
1372 4541 1754 4627 homagium
1854 4540 2119 4605 domino
2215 4539 2352 4623 regi
2428 4537 2704 4623 Angliae.
2859 4541 2949 4606 Et

846 4645 1173 4712 Patricius
1226 4644 1308 4707 de
1354 4642 1662 4721 Graham,
1728 4642 1921 4706 miles
1965 4642 2174 4727 ipsius
2218 4638 2389 4725 regis
2436 4637 2690 4716 Scotiae‚
2738 4660 2948 4707 sacra-

843 4752 1148 4837 mentum
1207 4745 1492 4811 fideliter
1535 4744 1694 4811 feeit
1753 4745 1967 4809 eidem
2030 4742 2168 4829 regi
2214 4740 2474 4827 Angliae
2534 4741 2609 4805 in
2660 4744 2949 4810 animam
