3592 5817
931 893 1327 944 airammum
1372 893 1777 949 mmmmm
1827 893 2312 944 DUNELMENSE.
2543 881 2669 943 525

568 1079 731 1152 tum,
779 1097 895 1161 per
940 1097 1075 1155 vos,
1106 1077 1215 1142 {rel
1258 1083 1554 1142 vestrum
1599 1077 1900 1156 alterum,
1931 1077 2406 1164 assignandum
2441 1077 2672 1153 eidem,
2730 1089 2980 1138 alm-18⁷⁴.

570 1159 930 1240 seeundum
958 1177 1237 1244 formam
1284 1201 1482 1266 quam
1531 1179 1734 1257 vobis,
1768 1181 1893 1244 sub
1944 1179 2128 1246 bulla
2167 1185 2407 1258 nostra,
2462 1178 2672 1244 mitti-

568 1298 715 1342 mus
760 1279 1204 1358 interclusam,
1237 1303 1354 1366 per
1400 1279 1717 1348 dilectum
1743 1278 1973 1359 filium,
2006 1281 2412 1348 Willelmum
2450 1282 2671 1358 Brian,

568 1379 892 1459 clericum,
940 1382 1367 1450 Eboracensis
1432 1384 1747 1462 dioecesis,
1818 1384 2134 1449 duximus
2187 1383 2670 1450 destinandum.

573 1482 893 1562 Quocirca
920 1485 1327 1552 fraternitati
1357 1491 1613 1564 vestrae,
1644 1509 1762 1574 per
1783 1487 2166 1572 Apostoliea
2195 1487 2456 1574 scripta,
2487 1507 2672 1552 man-

572 1584 820 1664 damus,
853 1588 1169 1672 quatinus
1218 1590 1353 1665 fros,
1403 1587 1511 1653 vel
1556 1587 1725 1654 alter
1755 1595 2069 1665 vestrum,
2115 1589 2392 1674 pallium
2436 1589 2670 1674 ipsum,

562 1686 767 1770 juxta
828 1689 1335 1776 prae[scriptam]
1404 1689 1682 1755 formam
1734 1690 1864 1754 sibi
1913 1690 2234 1776 assignari
2301 1691 2558 1768 curetis,
2606 1694 2674 1754 et

567 1789 655 1854 ab
698 1790 856 1876 ipso,
887 1796 1113 1860 nostro
1176 1796 1246 1856 et
1290 1790 1575 1857 ecelesiae
1621 1791 1940 1858 Romanae
1983 1791 2264 1870 nomine,
2297 1792 2422 1856 sub
2464 1791 2675 1856 forma

568 1911 767 1973 quam
827 1892 1015 1956 vobis
1082 1890 1207 1956 sub
1249 1891 1475 1957 eadem
1520 1891 1707 1958 bulla
1757 1891 2118 1978 dirigimus,
2173 1892 2518 1958 fidelitatis
2563 1893 2674 1957 de-

569 1991 729 2056 bitae
773 1992 1038 2058 solitum
1086 1993 1371 2079 recipere
1406 1994 1880 2080 juramentum.
1959 1993 2199 2059 Forma
2226 1999 2452 2059 autem
2489 1994 2672 2078 jura-

568 2093 777 2160 menti
824 2094 1006 2186 quod
1047 2095 1263 2160 dictus
1310 2095 1559 2161 electus
1626 2095 1991 2180 praestabit,
2061 2095 2252 2160 nobis
2321 2095 2403 2160 de
2466 2095 2672 2160 verbo

566 2195 655 2258 ad
698 2195 975 2262 verbum
1021 2218 1139 2283 per
1183 2196 1325 2283 ejus
1389 2248 1403 2261 .
1472 2248 1485 2262 .
1536 2248 1549 2261 .
1600 2247 1613 2260 .
1660 2195 1906 2262 literas‘
1934 2219 2054 2262 suo
2081 2197 2316 2283 sigillo
2361 2198 2672 2284 signatas,

566 2317 685 2380 per
761 2297 1101 2384 proprium
1164 2291 1483 2362 nuncium
1563 2299 1957 2383 quantocius
2026 2299 2355 2364 destinare
2410 2300 2670 2365 curetis.

567 2396 746 2462 Data
821 2399 1002 2483 apud
1051 2395 1435 2484 organum,1
1478 2397 1956 2465 Avinionensis
2020 2399 2336 2477 dioecesis,
2402 2400 2517 2465 iiii.
2585 2401 2671 2466 id.
2793 2431 2806 2446 ·

568 2497 614 2562 J
616 2499 753 2578 ulii,
800 2500 1244 2584 pontificatus·
1261 2501 1471 2566 nostri
1515 2523 1690 2566 anno
1736 2506 1988 2587 quart0.

567 2705 759 2758 Forma
814 2706 1037 2758 dationis
1180 2674 1291 2738 Ad
1318 2674 1633 2740 honorem
1656 2673 1783 2740 Dei
1810 2675 2322 2760 OmnipotentiS,
2345 2682 2416 2741 et
2445 2675 2672 2741 Beatae
2697 2701 2833 2744 rom
2851 2701 2904 2762 og

568 2772 723 2836 pauit·
1106 2773 1335 2839 Mariae
1404 2775 1712 2862 virginis,
1791 2780 1861 2840 et
1936 2774 2294 2840 Beatorum
2357 2775 2539 2840 Petri
2603 2782 2673 2841 et
2697 2754 2964 2854 81:3¹&ss

566 2873 757 2939 Pauli
787 2875 1273 2960 Apostolorum,
1305 2881 1375 2941 et
1419 2867 1671 2942 domini
1718 2875 2018 2962 Gregorii
2049 2876 2264 2963 Papae,
2296 2875 2670 2968 Undecimi,

567 2982 636 3041 et
678 2983 924 3043 sanctae
970 2977 1287 3068 Romanae
1364 2977 1666 3054 eeclesiae,
1717 2983 1783 3042 et
1804 2976 1830 3016 ²
1893 2975 2318 3044 Eboraoensis
2366 2977 2668 3056 eeclesiae,

567 3078 692 3143 tibi
737 3077 1113 3157 commissae,
1159 3078 1483 3144 tradimus
1527 3078 1653 3144 tibi
1697 3077 1992 3165 pallium,
2041 3079 2121 3144 de
2167 3101 2432 3166 corpore
2478 3081 2670 3146 Beati

565 3180 747 3246 Petri
820 3187 1179 3269 sumptum,
1254 3181 1758 3268 plenitudinem,
1852 3181 2178 3259 videlieet,
2270 3182 2670 3268 pontificalis

568 3281 763 3347 officii
788 3307 805 3361 ;
834 3288 914 3347 ut
958 3282 1168 3348 utaris
1215 3304 1290 3348 eo
1337 3283 1512 3348 infra
1556 3282 1898 3349 ecelesiam
1943 3287 2148 3360 tuam,
2195 3284 2392 3348 certis
2439 3283 2672 3349 diebus

568 3382 683 3466 qui
730 3383 1196 3470 exprimuntur
1258 3384 1331 3448 in
1394 3383 1770 3468 Privilegiis
1848 3383 1909 3446 ei
1972 3404 2014 3449 a
2061 3383 2232 3448 Sede
2289 3384 2673 3468 Apostolioa

568 3503 899 3550 eoncessls.

1106 3611 1364 3678 Datum
1404 3612 1539 3678 fuit
1581 3611 1862 3697 pallium
1908 3611 2085 3676 dicto
2146 3610 2413 3676 domino
2457 3611 2669 3680 arehi—
2695 3635 2952 3680 Memoran-

1012 3713 1331 3799 episoop0,
1386 3713 1459 3776 in
1506 3709 1755 3800 capella
1815 3712 2252 3778 habitationis
2296 3733 2449 3792 suae,
2498 3715 2668 3780 Lon·
2694 3685 2974 3798 ῗὲῧὲεξῗι-

567 3813 797 3892 donfis,
830 3829 922 3880 xo.
970 3816 1077 3881 die
1124 3815 1442 3893 octobris,
1480 3835 1657 3880 anno
1702 3814 1975 3879 Domini
2019 3819 2138 3880 ete.
2193 3809 2508 3893 lxxiffito„
2555 3817 2667 3884 In-
2695 3788 3006 3888 ffiffiffit'ffl

566 3916 853 3983 dictione
906 3917 1096 3995 xiiia„
1142 3907 1567 4004 pontificatus
1621 3915 1874 3981 domini
1920 3915 2015 3994 G,
2049 3916 2262 4004 Papae,
2311 3916 2446 3995 XI„
2493 3939 2668 3985 anno
2693 3889 2940 3985 Ϊῗῦῗιίἷῗψ.

566 4018 761 4096 iiiito„
808 4041 927 4106 per
994 4019 1337 4085 dominum
1401 4018 1740 4096 Thomam,
1788 4018 1916 4083 Dei
1982 4015 2215 4104 gratia,
2262 4018 2668 4088 Dunolmen-

568 4141 705 4188 sem
772 4121 1167 4206 episcopum,
1236 4121 1431 4186 modo
1507 4142 1638 4205 quo
1685 4120 2158 4207 praemittitur3
2218 4123 2670 4205 praesentibus,

564 4222 915 4308 magistris,
946 4221 1241 4288 Waltero
1283 4223 1365 4287 de
1413 4221 1757 4300 Skirlawe,
1791 4221 2248 4288 archidiacono
2296 4223 2670 4311 Estriding’,

566 4323 821 4409 Rogero
867 4325 948 4389 de
994 4323 1272 4401 Freton',
1319 4345 1396 4389 ae
1440 4324 1705 4389 domino
1750 4322 1796 4387 J
1799 4375 1832 4402 .,
1864 4324 2130 4388 domino
2176 4323 2257 4388 de
2303 4321 2555 4403 Nemb’,
2604 4331 2674 4390 et

564 4426 714 4492 aliis
760 4425 1277 4514 quampluribus,
1334 4430 1473 4492 tam
1519 4425 1769 4493 clericis
1816 4446 2017 4511 quam
2077 4425 2278 4503 laicis,
2325 4426 2398 4490 in
2443 4425 2670 4492 multi-

562 4526 799 4592 tudine
843 4527 1121 4614 eopiosa.

632 4701 648 4733 ¹
682 4703 939 4767 Probably
962 4701 1198 4754 Casu-um
1237 4703 1301 4751 de
1338 4701 1567 4766 Orgono,
1731 4699 1753 4731 ²
1785 4701 2045 4764 Repented
2065 4699 2119 4752 in
2141 4701 2267 4770 orig.

563 4783 721 4834 about
742 4783 841 4834 five
864 4784 1067 4848 leugues
1090 4781 1224 4833 from
1246 4780 1508 4846 Avignon.
