3592 5817
936 850 1065 918 318
1296 869 1691 923 nnsis-mun
1736 872 2142 925 mmmm
2189 872 2679 937 nummisma

637 1068 751 1115 ΔΛ).
765 1071 881 1115 1³4⁰·
931 1059 1096 1125 siam
1140 1080 1353 1125 meam
1401 1061 1481 1127 de
1520 1062 1789 1148 Boueye
1833 1063 2218 1148 praedictam
2262 1065 2465 1131 libere
2479 1049 2740 1142 ‘'l-edire,
2773 1084 2934 1140 eam,
2967 1066 3036 1127 et
3086 1144 3108 1157 ·

928 1161 1397 1245 possessionem
1440 1164 1748 1248 ejusdem,
1780 1165 2070 1231 nancisci
2099 1172 2170 1232 et
2197 1166 2701 1252 apprehendere,
2733 1187 2812 1233 ac
2854 1164 3034 1231 licite

814 1272 823 1299 ¹
932 1262 1230 1333 retinere.

596 1483 855 1529 certificate
932 1456 1245 1527 Cerfifledtio
1310 1476 1533 1542 capitulo
1689 1467 2194 1534 Venerabilibus
2243 1474 2314 1533 et
2358 1469 2658 1535 discretis
2703 1468 2884 1545 viris,
2929 1488 3032 1534 ca—

593 1534 907 1687 Qheegyoghg
930 1536 1244 1659 ξῖἳζξίξᾚι
1278 1544 1535 1660 fffgmpegg
1600 1568 1817 1655 pitulo
1878 1571 2162 1637 ecclesiae
2208 1570 2402 1636 Beati
2443 1570 2624 1635 Petri
2670 1570 3034 1635 Eboracen-

592 1684 758 1777 Bishgp
776 1686 821 1727 οὶ
933 1675 1149 1724 ecclesia
1162 1676 1407 1739 praedictn.
1420 1692 1535 1766 cum
1602 1672 1707 1748 sis,
1754 1672 1998 1736 decano
2059 1676 2250 1735 extra
2312 1671 2720 1756 provinciam
2779 1676 3032 1757 agente,

594 1744 721 1877 ἓξὲξ·
737 1747 883 1879 {z
931 1742 1184 1792 decanatu
1215 1742 1521 1793 Aukeland.
1603 1772 2134 1858 archiepiscopali
2195 1772 2490 1858 ejusdem
2535 1772 2822 1838 ecclesiae
2881 1772 3033 1837 sede

592 1846 800 1977 ἒθωῦζξξῗ
816 1848 909 1931 ²¹²3
931 1877 1224 1949 VWOEQ
1302 1873 1636 1950 RicarduS,
1728 1874 2154 1959 permissione
2245 1873 2490 1951 divina,
2565 1873 3032 1938 Dunolmensis
3099 1864 3112 1873 “

594 1947 847 2035 Ankess‘nd·
932 1973 1285 2059 ePi⁸<³013138‚
1350 1974 1631 2040 salutem
1698 1975 1773 2039 in
1839 1974 2106 2041 sinceris
2167 1974 2582 2061 amplexibus
2651 1974 3030 2039 Salvatoris.

460 2034 471 2040 '
594 2033 688 2075 and
706 2034 785 2077 the

593 2085 807 2186 3333&
933 2072 1423 2188 Commissionis
1482 2081 1720 2141 vestrae
1780 2077 2006 2142 literas
2065 2098 2276 2162 nuper
2335 2076 2714 2171 recepimuS,
2769 2076 2894 2142 sub
2937 2095 3030 2153 ec,

931 2194 1047 2258 qm
1092 2176 1404 2267 sequitur,
1450 2183 1675 2243 tenore
1702 2204 1810 2243 :——
2408 2242 2422 2253 ,

595 2276 812 2323 Commis-
1017 2275 1392 2342 Venerabili
1436 2279 1509 2342 in
1555 2280 1823 2346 Christo
1884 2282 2075 2366 patri,
2139 2281 2406 2345 domino
2465 2280 2562 2357 R,
2623 2280 2754 2345 Dei
2796 2280 3027 2367 gratia,

594 2328 695 2371 sion
712 2330 763 2372 to
777 2330 878 2373 him

590 2378 881 2482 ffigfflfissg
929 2382 1066 2455 etc„
1110 2379 1491 2465 ‘capitulum
1554 2381 1837 2447 eeclesiae
1913 2382 2109 2448 Beati
2169 2382 2350 2447 Petri
2411 2381 2853 2458 Eboracensis
2916 2381 3026 2446 de-

592 2478 641 2522 ⁰¹
658 2479 799 2526 York.
930 2498 1091 2544 cano
1136 2485 1325 2546 extra
1370 2484 1506 2560 etc„
1553 2482 1852 2559 salutem,
1895 2504 2046 2548 cum
2089 2482 2484 2549 omnimodis
2546 2483 2917 2547 reverentia
2959 2488 3030 2547 et

928 2579 1186 2659 honore,
1220 2582 1462 2649 debitis
1484 2587 1674 2649 tanto
1704 2584 1897 2669 patri.
1969 2584 2141 2650 Cum
2172 2584 2397 2650 dilecti
2427 2584 2616 2649 nobis
2647 2584 2720 2648 in
2743 2584 3023 2661 Christo,

928 2684 1241 2768 magister
1285 2684 1505 2751 Hamo
1563 2686 1643 2751 de
1689 2685 1928 2763 Belers,
1975 2686 2262 2753 decanus
2321 2685 2604 2751 eeclesiae
2663 2685 3026 2771 collegiatae

929 2782 1189 2849 Sanctae
1225 2785 1517 2861 ¹Andreae
1562 2787 1645 2852 de
1688 2788 2098 2865 Aukelande,
2144 2792 2387 2853 nostrae
2440 2787 2751 2865 dioecesis,
2799 2791 2870 2852 et
2911 2787 3024 2852 do-

926 2886 1147 2951 minus
1190 2886 1237 2951 J
1238 2887 1525 2953 ohannes
1572 2889 1659 2971 de
1692 2888 2004 2967 Houton',
2034 2894 2247 2955 rector
2291 2887 2574 2969 ecclesiae
2620 2888 2702 2953 de
2739 2888 3020 2973 Boueye,

926 2987 1351 3054 Eboracensis
1383 2990 1693 3069 dioecesis,
1724 2991 1920 3057 certis
1961 2992 2044 3055 de
2083 2990 2310 3069 causis,
2353 2996 2424 3057 et
2465 2988 2795 3075 legitimis,
2845 2990 3024 3055 dicta.

924 3110 1047 3153 sua
1087 3090 1404 3156 beneficia
1446 3092 1801 3157 intendant
1829 3093 1916 3157 ad
1959 3092 2245 3157 invicem
2280 3092 2588 3161 canonice
2629 3096 3019 3177 permutare,

924 3190 1083 3254 dum
1128 3196 1354 3257 tamen
1396 3214 1745 3259 consensus
1792 3200 1860 3259 et
1903 3194 2264 3260 auctoritas
2323 3215 2548 3259 eorum
2595 3214 2872 3279 quorum
2917 3194 3018 3259 in-

922 3299 1126 3359 terest
1168 3294 1660 3373 intervenerint,
1716 3295 1789 3360 in
1834 3296 1957 3361 hoc
2001 3316 2192 3377 casu3
2254 3316 2388 3373 nOS,
2436 3294 2638 3359 variis
2683 3300 2753 3359 et
2795 3295 3018 3361 arduis

921 3396 1205 3462 ecclesiae
1264 3403 1505 3463 nostrae
1550 3396 1882 3483 praedictae
1941 3398 2224 3482 negotiis
2269 3382 2750 3484 multipliciter·
2769 3418 3015 3483 praepe-

920 3498 1061 3574 diti,
1095 3498 1291 3565 dictae
1334 3499 1842 3585 permutationis
1887 3498 2296 3585 expeditioni
2341 3498 2427 3563 ad
2471 3520 2759 3583 praesens
2802 3500 3016 3564 inten-

920 3601 1073 3665 dere
1147 3623 1282 3666 non
1344 3601 1657 3678 valentes,
1720 3601 1808 3665 ad
1873 3600 2293 3677 audiendum,
2373 3600 2888 3665 examinandum
2951 3607 3018 3665 et

918 3699 1209 3786 plenarie
1249 3702 1751 3783 discutiendum,
1803 3722 2030 3767 causas
2073 3702 2575 3788 permutationis
2617 3700 3012 3787 hujusmodi,

919 3807 987 3866 et
1032 3802 1105 3865 in
1150 3824 1227 3867 eo
1270 3809 1513 3868 eventu
1575 3804 1631 3867 si
1690 3802 2071 3888 hujusmodi
2117 3825 2343 3869 causas
2397 3804 2722 3869 duxeritis
2781 3826 3012 3891 appro-

916 3903 1181 3981 bandas,
1246 3910 1445 3989 prout
1510 3906 1592 3969 de
1654 3905 1908 3969 meritis
1971 3905 2308 3990 cujusdam
2385 3906 2831 3991 inquisitionis
2900 3929 3015 3992 per

916 4004 1257 4073 officialem
1300 4006 1741 4073 archidiaconi
1784 4006 1994 4072 nostri
2035 4006 2548 4093 Notinghamiae‚
2579 4007 2659 4072 de
2699 4006 3013 4073 mandato

914 4115 1155 4187 nostro,
1201 4109 1275 4173 in
1340 4109 1465 4177 hac
1526 4114 1713 4195 parte
1777 4114 2004 4196 captae,
2067 4130 2264 4194 quam
2323 4104 2562 4195 vestrae
2623 4110 3014 4195 paternitati

914 4212 1245 4291 mittimus
1288 4210 1419 4275 hiis
1464 4232 1808 4291 annexam,
1840 4211 2093 4297 liquere·
2133 4210 2321 4275 vobis
2366 4210 2717 4289 videbitur,
2763 4212 2852 4277 ad
2897 4210 3010 4277 ad-

914 4315 1316 4381 mittendum
1360 4316 1642 4380 eundem
1687 4314 2076 4399 magistrum
2131 4312 2498 4378 Hamonem
2543 4313 2631 4379 ad
2676 4314 3010 4380 ecclesiam

914 4417 995 4481 d'e
1042 4418 1309 4502 Boueye
1370 4418 1793 4502 praedictam,.
1817 4418 1886 4480 et
1927 4420 2242 4481 rectorem
2295 4436 2381 4480 ex
2424 4436 2621 4481 causa
2679 4421 3010 4500 permuta-

911 4518 1112 4583 tionis
1158 4518 1553 4604 hujusmodi,
1599 4517 2086 4582 instituendum
2130 4517 2438 4592 canonice
2497 4518 2572 4581 in
2615 4517 2862 4597 eadem,
2909 4540 3008 4583 re-

910 4622 1117 4707 ceptis
1162 4621 1470 4706 primitus
1514 4620 1669 4687 hinc
1713 4618 1869 4683 inde
1913 4618 2469 4705 resignationibus
2525 4618 2882 4685 eorundem
2927 4619 3008 4684 de

908 4723 1045 4789 suis
1088 4723 1422 4793 beneficiis
1480 4721 1870 4803 antedictis3
1931 4727 2296 4809 caeteraque
2355 4720 2578 4797 omnia
2634 4727 2704 4789 et
2747 4720 3010 4810 singula.
