3592 5817
1044 348 1176 410 500
1407 357 1806 409 mammon
1852 354 2260 408 mmmmm
2305 356 2792 408 DUNELMENSE.

756 561 1000 608 11113411.
1048 551 1118 611 et
1160 545 1493 624 festinum,
1540 551 1611 611 et
1654 545 1864 611 alium
1909 545 2277 611 exercitum
2322 566 2555 610 versus
2615 548 2838 631 partes
2908 541 3129 608 Scotiae
3260 571 3264 579 ·

1050 647 1364 713 duximus
1430 648 2063 728 transmittendum;
2138 652 2219 713 ut
2292 647 2401 725 sic,
2477 669 2597 734 per
2669 647 2798 712 Dei
2849 646 3134 733 gratiam,

1051 751 1466 816 comminatis
1551 750 1742 815 nobis
1819 771 2233 816 occurramus
2306 749 2632 836 periculis,
2708 755 2779 814 et
2852 747 3137 813 fidelibus

1049 853 1310 930 nostris,
1357 858 1509 940 post
1550 874 1879 939 magnam,
1929 874 2127 938 quam
2173 852 2348 938 passi
2390 857 2566 930 sunt,
2612 850 3135 936 inquietudinem,

1053 954 1345 1039 quietem
1409 953 1922 1040 pulchritudinis
1988 974 2448 1039 praeparemua
2542 952 2713 1019 Cum
2756 953 2968 1039 igitur
3008 972 3137 1018 con-

1057 1056 1281 1121 stituti
1325 1055 1473 1120 sitis
1518 1076 1636 1142 pro
1680 1053 2061 1120 hominibus
2106 1076 2149 1119 a
2192 1055 2495 1131 Domino,
2527 1059 2609 1120 ut
2648 1055 2943 1121 offeratis
2985 1055 3141 1119 dona

1061 1161 1130 1222 et
1195 1157 1513 1222 sacrificia
1573 1177 1693 1242 pro
1755 1156 2055 1243 peccatis,
2125 1156 2471 1233 attendite,
2550 1177 2950 1241 quaesumus,
2995 1177 3140 1242 prae-

1062 1259 1253 1337 dicta,
1299 1259 1545 1324 nedum
1587 1263 1831 1336 nostra,
1892 1258 2008 1323 sed
2065 1257 2345 1344 publica,
2412 1258 2717 1343 pericula,
2763 1282 2988 1345 pmces
3041 1280 3142 1345 pro

1061 1359 1239 1425 felici
1282 1381 1626 1446 progressu
1670 1365 1895 1426 nostro
1958 1360 2310 1424 fundentes
2372 1359 2736 1439 AltissimO,
2780 1361 3141 1448 supplentes

1062 1462 1237 1528 vices
1314 1461 1546 1579 Moysi,
1549 1460 1575 1499 ¹
1636 1466 1717 1527 ut
1777 1483 1899 1526 nos
1968 1467 2038 1526 et
2102 1462 2313 1526 nostri
2387 1463 2712 1547 possimus
2773 1463 3142 1528 adversariis

1061 1564 1318 1640 nostris,
1365 1563 1438 1626 in
1485 1568 1856 1628 vestrarum
1902 1563 2228 1628 erectione
2293 1583 2629 1642 manuum,
2676 1565 3046 1651 praevalere,
3086 1569 3143 1628 et

1063 1670 1145 1729 ut
1209 1668 1641 1750 augmentum
1702 1665 1937 1750 gratiae
2012 1664 2219 1742 nobis,
2274 1665 2736 1751 multiplicatis
2787 1667 3146 1732 intercesso-

1065 1765 1264 1844 ribus,
1311 1765 1669 1852 largiatur3
1714 1765 1972 1831 faciatis
2017 1787 2135 1851 per
2182 1770 2437 1830 vestras
2482 1766 2826 1832 civitatem
2894 1774 2963 1832 et
3004 1767 3147 1832 dioe-

1069 1867 1268 1933 cesim
1343 1890 1462 1953 pro
1537 1867 1726 1932 nobis
1805 1867 2039 1933 Missas
2086 1866 2444 1944 celebrari,
2535 1868 3032 1953 praedicationes
3090 1872 3149 1931 et

1069 1969 1509 2055 processiones
1554 1968 1712 2046 fieri,
1759 1989 1838 2034 ac
1880 1967 2014 2033 alia
2040 1967 2170 2053 piae
2229 1967 2620 2053 placationis
2666 1968 2882 2035 officia
2923 1968 3149 2034 miseri-

789 2088 823 2131 t.
841 2089 965 2134 ansb.
1071 2071 1353 2136 corditer
1414 2069 1717 2147 exerceri,
1764 2075 1843 2133 ut
1905 2069 2088 2134 Deus
2133 2069 2638 2136 misericorditer
2682 2092 2883 2156 super
2925 2092 3040 2135 nos
3094 2074 3153 2134 et

1071 2171 1397 2237 exercitus
1462 2177 1718 2236 nostros
1785 2192 2055 2236 manum
2102 2170 2256 2235 Suae
2319 2169 2793 2237 benedictionis
2838 2172 3151 2246 extendat,

1070 2278 1138 2336 et
1185 2279 1371 2336 actus
1415 2277 1672 2337 nostros
1718 2272 1803 2335 in¹
1834 2270 2243 2357 beneplacito
2292 2270 2428 2336 Suo
2473 2272 2567 2337 sic
2612 2273 2873 2358 dirigat,
2905 2280 2986 2338 ut
3027 2271 3153 2336 Sibi

1070 2374 1309 2438 cedant
1353 2372 1440 2437 ad
1484 2373 1765 2451 laudem,
1796 2373 1989 2438 nobis
2034 2373 2120 2437 ad
2164 2373 2493 2451 meritum,
2542 2379 2612 2438 et
2640 2374 2958 2459 subjectis
2985 2373 3154 2438 nobis

1067 2474 1373 2539 fidelibus
1418 2474 1832 2540 commodum
1880 2480 1949 2540 et
1994 2475 2297 2560 quietem.
2391 2475 2643 2540 Datum
2687 2477 2869 2561 apud
2916 2475 3156 2540 Turrim

1069 2581 1378 2654 nostram,
1427 2576 1802 2653 Londoniis,
1849 2576 1963 2642 xii.
2011 2576 2119 2641 die
2164 2575 2469 2663 Augusti,
2517 2599 2691 2643 anno
2735 2579 2926 2664 regni
2970 2576 3157 2642 nostri

1070 2679 1333 2765 Angliae
1379 2684 1569 2744 sexto
1615 2678 1882 2757 decimo,
1931 2684 2000 2744 et
2043 2679 2229 2765 regni
2273 2678 2487 2744 nostri
2530 2679 2826 2746 Franciae
2872 2680 3080 2761 tertio.
3082 2715 3162 2726 —

736 2793 794 2836 In
762 2793 906 2845 niune
881 2792 1031 2836 ction-
1162 2783 1304 2847 Nos
1349 2783 1588 2868 itaque,
1622 2782 1871 2848 sincero
1902 2781 2112 2847 cordis
2156 2787 2408 2868 optatu,
2412 2780 2438 2820 ²
2481 2781 2807 2848 dictamrn
2835 2782 3160 2847 literarum

735 2843 1039 2994 ἰξὲἕέὶὲη-
1075 2885 1204 2971 piis
1235 2884 1806 2951 exhortationibus
1837 2888 2219 2961 annuentes,
2252 2904 2329 2949 ac
2373 2884 2460 2948 ad
2490 2885 2796 2969 praemisa
2838 2885 3161 2971 cupientes

737 2993 965 3087 {lm-¹1·
1075 3009 1193 3073 per
1241 2986 1551 3052 allectiva
1593 2985 2158 3072 indulgentiarum
2203 3007 2480 3050 munera
2539 2985 2835 3050 fidelium
2882 2986 3164 3051 devotio-

1074 3110 1228 3152 nem
1259 3089 1644 3173 propensius
1692 3087 1993 3164 excitare,
2026 3087 2330 3151 omnibus
2362 3091 2431 3152 et
2459 3086 2737 3172 singulis
2766 3086 3165 3172 parochianis

1076 3189 1334 3266 nostris,
1381 3190 1454 3252 in
1514 3188 1747 3253 salutis
1785 3194 2058 3253 aeternae
2119 3188 2233 3253 via
2278 3189 2629 3274 dispositis,
2677 3189 2792 3273 qui
2838 3211 2962 3274 pro
3006 3187 3167 3252 felici

1078 3291 1379 3376 passagio
1427 3295 1496 3354 et
1557 3291 1884 3376 prosperis
1950 3290 2401 3377 progressibus
2444 3290 2818 3368 antedictis,
2859 3310 2943 3357 ac
2988 3310 3169 3376 expe-

1078 3392 1329 3458 ditione
1374 3391 1636 3468 salubri,
1684 3391 2072 3478 suffragium
2115 3392 2550 3478 praestiterint
2569 3436 2584 3448 ·
2610 3391 2877 3477 aliquod
2940 3412 3171 3458 memo-

1076 3498 1312 3571 ratum,
1391 3494 1503 3562 vel
1568 3494 1731 3559 alias
1798 3493 2073 3579 provide
2142 3514 2358 3559 coram
2403 3494 2545 3560 Deo
2589 3493 2948 3560 effuderint
2992 3492 3176 3561 corda

1078 3618 1214 3673 sua,
1248 3596 1686 3681 quadraginta
1732 3595 1872 3659 dies
1918 3595 2001 3660 de
2046 3595 2349 3680 injuncta
2393 3594 2520 3659 sibi
2580 3595 2999 3681 poenitentia,
3044 3595 3175 3659 Deo

1077 3698 1378 3784 propiti0‚
1425 3696 1928 3769 misericorditer
1970 3696 2377 3776 relaxamus3
2421 3697 2624 3776 vobis,
2648 3697 2933 3761 firmiter
2963 3697 3176 3782 injun-

1079 3800 1308 3884 gend0,
1354 3798 1745 3864 mandantes
1822 3798 2136 3882 quatinus
2202 3799 2276 3863 in
2343 3798 2619 3885 singulis
2665 3798 2950 3864 ecclesiis
2998 3798 3177 3864 vobis

1081 3900 1408 3984 subjectiS,
1456 3899 1688 3964 diebus
1733 3899 2100 3965 Dominicis
2147 3905 2215 3964 et
2258 3900 2530 3977 festivis,
2585 3901 2828 3966 dictam
2886 3905 3178 3965 nostram

1082 4001 1561 4088 indulgentiam
1606 4001 1864 4066 faciatis
1910 4001 2129 4066 debite
2197 4001 2534 4087 publicari,
2581 4003 2792 4088 petita
2852 4002 2925 4068 in
2972 4001 3179 4067 literis

1152 4232 1167 4265 ¹
1205 4233 1303 4285 See
1325 4226 1544 4284 Exodus
1565 4232 1692 4286 xvii.
1717 4237 1796 4297 11,
1823 4237 1900 4284 12.
2127 4230 2139 4299 Ι
2235 4231 2258 4265 ²
2290 4230 2463 4282 obtutu
2486 4230 2541 4281 in
2562 4229 2687 4298 orig.
