3592 5817
1008 415 1011 418 ’
1040 428 1172 488 482
1410 440 1807 490 namsi-mm
1853 441 2257 491 PALATINUM
2303 438 2788 492 nnnnnmsn.

675 578 679 582 >
738 652 989 696 A.D.1845.
1038 623 1228 688 nobis
1290 627 1727 708 praesentatus
1789 623 2036 700 existis,
2099 646 2217 708 per
2276 625 2784 711 resignationem
2848 624 3132 713 magistri

1041 724 1314 789 Roberti
1361 725 1442 789 de
1489 725 1783 803 Horton',
1831 725 2057 790 ultimi
2102 727 2372 791 rectoris
2417 727 2725 811 ejusdem,
2772 729 2846 792 in
2910 750 3129 793 manus

1039 833 1296 892 nostras
1341 826 1599 905 factam,
1633 833 1702 892 et
1745 849 1866 913 per
1892 849 2012 893 nos
2058 833 2409 914 acceptam,
2444 850 2530 894 ex
2573 851 2772 895 causa
2814 835 3131 916 permuta-

1038 935 1254 1012 tionis,
1287 939 1356 1000 et
1382 955 1519 1001 non
1562 933 1771 1012 aliter,
1804 955 1954 1000 cum
1984 933 2233 1000 vicaria
2276 934 2563 1001 ecclesiae
2592 936 2675 1001 de
2706 936 3129 1022 Gaynesford’,

1037 1043 1280 1102 nostrae
1326 1035 1792 1102 Dunolmensis
1841 1037 2154 1114 dioecesis
2188 1058 2387 1122 quam
2432 1038 2741 1123 primitus
2786 1039 3127 1115 obtinebas,

1042 1140 1115 1203 in
1174 1140 1385 1204 forma
1436 1138 1609 1229 juris
1674 1138 1885 1217 factae,
1931 1144 2297 1218 vacantem,
2368 1144 2439 1204 et
2499 1141 2586 1204 ad
2661 1141 3130 1206 institutionem

1043 1248 1337 1309 nostram
1398 1246 1818 1327 spectantem,
1866 1245 1950 1319 te,
1996 1263 2116 1328 per
2159 1242 2429 1307 modum
2475 1248 2545 1307 et
2613 1264 2700 1307 ex
2745 1263 2942 1308 causa
2999 1265 3130 1329 per-

1040 1345 1429 1410 mutationis
1474 1344 1840 1421 antedictae,
1888 1343 2322 1421 admittimus,
2370 1348 2440 1408 et
2482 1350 2798 1410 rectorem
2844 1346 3132 1411 canonice

1038 1447 1450 1511 instituimus
1495 1447 1567 1509 in
1612 1446 1885 1525 eadem3
1938 1446 2089 1530 jure
2137 1452 2205 1511 et
2250 1446 2579 1531 dignitate
2624 1447 2881 1524 nostris,
2929 1453 2995 1512 et
3043 1468 3130 1512 ec-

1038 1550 1251 1615 clesiae
1295 1555 1537 1614 nostrae
1598 1548 2081 1627 Dunolmensis,
2128 1548 2204 1612 in
2263 1549 2569 1614 omnibus
2635 1571 2891 1636 semper
2933 1549 3132 1614 salvis.

1038 1651 1123 1715 In
1190 1651 1376 1735 cujus
1443 1651 1538 1715 rei
1607 1651 2080 1728 testimonium,
2153 1649 2446 1737 sigillum
2511 1656 2813 1717 nostrum
2879 1652 3133 1717 fecimus

1034 1753 1167 1817 hiis
1212 1753 1471 1839 apponi.
1562 1753 1817 1820 Datum
1862 1753 1935 1817 in
2004 1758 2219 1820 castro
2264 1758 2488 1819 nostro
2533 1752 2870 1832 Dunolmi,
2917 1755 3133 1839 quinto

1039 1856 1145 1920 die
1190 1855 1432 1920 mensis
1476 1855 1741 1941 Aprilis,
1789 1876 1964 1921 anno
2010 1854 2286 1920 Domini
2348 1855 2702 1922 millesimo
2747 1869 2949 1922 eccm.
2992 1857 3132 1933 xlv„

1039 1964 1109 2023 et
1150 1964 1392 2025 nostrae
1438 1958 1941 2024 consecrationis
1986 1957 2181 2022 xiimo.

702 2179 923 2242 uariam
939 2181 1011 2225 ror
1573 2161 2087 2237 Memorandum,
2120 2160 2297 2246 quod
2342 2160 2567 2225 eodem
2614 2160 2722 2224 die
2757 2159 3134 2231 mandatum

699 2231 1010 2336 fflfflflggm
1481 2263 1613 2327 fuit
1655 2261 2136 2328 Archidiacono
2183 2261 2637 2339 Dunolmensi,
2684 2261 2796 2326 vel
2841 2262 2981 2347 ejus
3008 2261 3133 2327 offi-

1035 2362 1202 2439 ciali,
1264 2363 1350 2427 ad
1417 2362 1865 2428 inducendum
1929 2364 2181 2429 dictum
2250 2364 2590 2428 dominum
2654 2363 3011 2428 Robertum
3069 2363 3137 2426 in

978 2499 985 2507 ·
1036 2464 1431 2549 corporalem
1477 2466 1948 2549 possessionem
1995 2466 2191 2531 dictae
2237 2465 2522 2531 ecclesiae
2586 2465 2669 2530 de
2736 2465 3134 2530 Hunstanes-

1035 2566 1284 2644 worth’,
1334 2570 1403 2631 et
1446 2567 1622 2652 quod
1667 2566 1980 2633 defendat
2023 2567 2371 2633 inductum
2416 2572 2537 2633 etc.

703 2790 981 2836 Institution
1495 2750 1503 2772 ⁸
1572 2771 1909 2849 Ricardus,
1940 2767 2365 2858 permissione
2396 2771 2641 2847 divina,
2674 2768 3131 2835 Dunolmensis

576 2936 581 2945 .
701 2844 1016 2997 {ffiffi
1484 2872 1837 2960 episcopus
1886 2873 2125 2939 dilecto
2169 2874 2320 2951 filio,
2368 2873 2685 2959 magistro
2731 2872 3015 2938 Roberto
3054 2871 3133 2935 de

704 2997 757 3039 or
769 2996 948 3048 owne-
1042 2962 1336 3052 Horton'‚
1383 2975 1679 3052 salutem,
1723 2975 2006 3062 gratiam
2052 2981 2121 3039 et
2164 2975 2702 3059 benedictionem.
2817 2973 2926 3038 Ad
2966 2974 3138 3038 vica-

703 3046 822 3090 ‘OEd‘
1042 3077 1208 3143 riam
1269 3076 1552 3142 ecclesiae
1598 3077 1679 3142 de
1726 3076 2139 3162 Gayneford'‚
2170 3081 2411 3143 nostrae
2458 3076 2771 3150 dioecesis,
2817 3076 2905 3141 ad
2948 3096 3140 3160 quam

1041 3200 1160 3264 per
1215 3177 1549 3264 religiosos
1593 3177 1786 3254 viros,
1834 3178 2141 3243 abbatem
2165 3184 2256 3244 .et
2300 3182 2701 3244 conventum
2762 3177 3139 3243 monasterii

1043 3279 1267 3344 Beatae
1306 3280 1558 3344 -Mariae
1636 3280 2076 3359 Eboracensis,
2138 3281 2328 3347 nobis
2401 3284 2837 3367 praesentatus
2898 3279 3141 3355 existiS‚

1042 3403 1159 3466 per
1201 3380 1710 3466 resignationem
1767 3382 2019 3447 domini
2065 3383 2341 3448 Roberti
2400 3384 2481 3449 de
2528 3383 2878 3460 Mortham‚
2923 3381 3143 3446 ultimi

1042 3483 1273 3548 vicarii
1336 3483 1644 3568 ejusdem,
1689 3483 1763 3547 in
1826 3506 2061 3551 manus
2126 3490 2384 3551 nostras
2445 3485 2705 3562 factam,
2752 3488 2823 3550 et
2867 3506 2981 3570 per
3025 3505 3144 3549 nos

1042 3589 1462 3670 acceptatam,
1509 3607 1595 3650 ex
1638 3607 1835 3651 causa
1880 3587 2404 3673 permutationis,
2451 3591 2519 3652 et
2561 3608 2697 3651 non
2742 3585 2950 3661 aliter,
2993 3607 3145 3650 cum

1043 3685 1310 3752 ecclesia
1340 3687 1420 3751 de
1451 3686 2019 3768 Hunstanworth',
2050 3694 2292 3754 nostrae
2321 3688 2788 3755 Dunolmensis
2834 3688 3145 3763 dioecesis,

1043 3810 1243 3875 quam
1272 3789 1580 3875 primitus
1623 3789 1982 3868 obtinebaS,
2014 3792 2086 3854 in
2114 3791 2324 3856 forma
2345 3790 2516 3876 juris
2545 3790 2755 3868 factae,
2780 3793 3142 3866 vacantem,

1044 3896 1117 3955 et
1157 3892 1243 3956 ad
1287 3890 1775 3956 institutionem
1820 3897 2113 3959 nostram
2144 3898 2564 3979 spectantem,
2597 3897 2682 3970 te,
2713 3914 2832 3978 per
2874 3891 3143 3957 modum

1047 3998 1116 4057 et
1159 4015 1244 4058 ex
1289 4014 1486 4059 causa
1535 3991 2043 4079 permutationis
2103 3995 2473 4072 antedictae,
2542 3994 2999 4073 admittimus;
3067 4015 3148 4059 ac

1043 4096 1364 4161 vicarium
1416 4101 1824 4182 perpetuum,
1876 4118 2025 4164 cum
2079 4119 2271 4164 onere
2320 4119 2492 4163 curae
2536 4095 2945 4182 parochialis,
2975 4117 3147 4182 prae-

1004 4253 1013 4260 .
1043 4197 1203 4262 stito
1248 4219 1366 4283 per
1407 4202 1477 4263 te
1523 4198 1829 4283 primitus
1878 4199 2195 4285 corporali
2233 4199 2611 4288 juramento
2663 4199 2742 4264 de
2789 4198 3150 4265 residentia

1041 4300 1368 4384 personali
1429 4300 1503 4364 in
1565 4301 1790 4367 eadem
1859 4301 2168 4367 continue
2234 4301 2547 4380 facienda,
2603 4299 2808 4387 juxta
2867 4301 3149 4369 formam
