3592 5817
1025 848 1420 903 REGISTRUM
1465 847 1871 897 PALATINUM
1916 846 2403 897 DUNELMENSE.
2686 834 2767 895 15

335 1050 424 1095 An.
437 1050 592 1097 uEd.
604 1051 646 1097 1.
668 1037 894 1103 nuncii
963 1041 1032 1100 et
1097 1035 1417 1099 attornati
1481 1034 1953 1119 supplicarunt,
2000 1034 2193 1117 quod,
2256 1054 2341 1097 ex
2408 1053 2539 1116 quo
2584 1031 2771 1095 nulla
2832 1051 2945 1097 111).
2962 1044 3081 1095 1³0oe

593 1207 607 1227 Ι
669 1140 916 1205 mentio
961 1138 1138 1202 facta
1179 1138 1311 1201 fuit
1371 1137 1452 1201 de
1497 1137 1814 1221 praedicto
1874 1135 1920 1198 J
1920 1134 2179 1213 ohanne
2226 1134 2306 1197 de
2368 1134 2771 1217 Hastingges

667 1242 742 1305 in
769 1224 1196 1324 inquisitione
1228 1243 1436 1322 capta,
1469 1258 1590 1302 nec
1631 1237 1811 1300 idem
1856 1236 1903 1300 J
1904 1236 2193 1301 ohannes
2239 1236 2547 1301 clamium
2594 1235 2772 1319 quod

665 1342 981 1428 apposuit
1017 1346 1396 1425 prosecutus
1425 1340 1570 1415 fuit,
1620 1338 1797 1422 quod
1842 1338 2083 1402 seisina
2122 1344 2445 1403 terrarum
2492 1342 2563 1400 et
2590 1342 2771 1401 tene-

669 1450 1042 1508 mentorum
1087 1442 1549 1527 praedictorum
1580 1441 1847 1505 domino
1892 1461 2011 1504 suo
2040 1440 2445 1517 liberaretur,
2480 1440 2771 1504 dicentes

667 1546 950 1610 eundem
995 1544 1333 1607 dominum
1365 1564 1558 1606 suum
1589 1542 1863 1627 praefato
1900 1541 1946 1604 J
1946 1542 2191 1606 ohanni
2237 1543 2319 1606 de
2352 1542 2771 1627 HastinggeS,

669 1653 740 1713 et
781 1646 898 1711 alii
929 1646 1292 1729 cuicunque
1338 1646 1410 1709 in
1439 1644 1772 1729 praedictis
1818 1646 2213 1709 tenementis
2260 1644 2512 1729 aliquid
2550 1650 2771 1729 petere

669 1748 938 1824 volenti,
984 1748 1058 1811 in
1103 1747 1284 1811 curia
1321 1746 1578 1810 domini
1631 1747 1817 1831 regiS,
1864 1752 2062 1831 prout
2122 1748 2437 1824 debuerit,
2485 1746 2767 1811 libenter

667 1849 836 1914 velle
882 1849 1282 1933 respondere.
1377 1846 1714 1915 Dixerunt
1758 1848 1977 1924 etiam,
2025 1849 2201 1931 quod
2245 1847 2401 1914 licet
2460 1848 2773 1935 praefatus

667 1951 715 2015 J
714 1949 1005 2015 ohannes
1074 1950 1156 2013 de
1217 1947 1524 2033 Hasting'
1593 1948 1849 2033 aliquid
1923 1949 1995 2013 in
2064 1949 2395 2035 praedictis
2438 1952 2631 2014 terris
2693 1952 2775 2015 de

671 2051 968 2137 Tyndale
1035 2051 1206 2115 forte
1273 2056 1494 2135 petere
1539 2054 1775 2140 posset,
1823 2054 1903 2114 ut
1968 2052 2295 2137 particeps
2362 2051 2770 2117 haereditatis

667 2154 964 2239 praedicti
1011 2152 1394 2229 Alexandri,
1455 2156 1680 2216 tamen
1725 2152 1798 2215 in
1842 2152 2172 2237 praedictis
2218 2154 2411 2219 terris
2480 2154 2561 2218 de
2608 2154 2773 2217 Pen-

669 2256 818 2320 reth
875 2260 948 2319 et
1038 2253 1120 2317 de
1197 2252 1509 2337 Soureby,
1574 2276 1724 2318 cum
1802 2254 2239 2337 pertinentiis
2306 2254 2479 2319 nihil
2552 2262 2773 2340 petere

671 2358 932 2441 potuit3
978 2376 1054 2419 eo
1100 2356 1276 2439 quod
1321 2360 1514 2440 terrae
1583 2360 1650 2418 et
1695 2360 2073 2418 tenementa
2130 2356 2248 2419 illa
2313 2358 2775 2434 tantummodo

674 2458 832 2521 data
875 2456 1149 2519 fuerunt
1176 2456 1438 2520 cuidam
1467 2455 1863 2545 Alexandro,
1908 2456 2048 2541 regi
2080 2454 2333 2533 scotiae,
2382 2460 2773 2523 antecessori

674 2558 926 2622 domini
957 2558 1078 2633 sui,
1109 2562 1180 2621 et
1207 2556 1578 2623 haeredibus
1609 2558 1744 2625 suis
1773 2557 2037 2641 regibus
2070 2546 2323 2635 Scotiae,
2357 2565 2426 2623 et
2454 2580 2588 2624 non
2618 2560 2772 2623 sim-
2802 2640 2807 2649 ,

671 2660 932 2745 pliciter
995 2659 1121 2722 sibi
1185 2664 1255 2723 et
1320 2658 1690 2723 haeredibus
1765 2659 1944 2737 suis';
2002 2666 2271 2744 propter
2313 2661 2503 2744 quod,
2552 2662 2775 2730 nullus

671 2760 879 2827 haeres
925 2760 1226 2845 praedicti
1285 2758 1649 2824 Alexandri
1695 2760 1768 2824 in
1814 2760 2005 2826 terris
2062 2766 2134 2824 et
2178 2762 2571 2826 tenementis
2640 2764 2772 2828 illis

681 2862 936 2947 aliquid
979 2866 1199 2947 petere
1245 2866 1478 2946 potest,
1525 2861 1656 2925 nisi
1717 2863 2180 2926 tantummodo
2227 2862 2531 2927 dominus
2598 2886 2771 2943 suus,

673 2986 758 3029 ex
803 2986 932 3049 quo
977 2986 1098 3027 rex
1143 2969 1244 3027 est
1291 2962 1546 3027 Scotiae.
1642 2962 1731 3027 Et
1775 2964 1977 3028 iidem
2044 2964 2269 3029 nuncii
2318 2970 2389 3029 et
2452 2967 2773 3031 attornati

676 3066 955 3151 quaesiti,
987 3065 1044 3129 si
1075 3065 1237 3149 quid
1265 3064 1530 3141 habent,
1564 3065 1740 3148 quod
1769 3056 2057 3129 testatur
2087 3066 2335 3129 donum
2364 3068 2771 3153 praedictum,

679 3168 912 3232 dicunt
939 3165 1116 3251 quod
1159 3166 1248 3230 ad
1276 3188 1561 3251 praesens
1589 3166 1690 3229 nil
1719 3166 1983 3244 habent,
2016 3168 2132 3232 sed
2163 3169 2339 3252 quod
2382 3172 2565 3234 carta
2592 3168 2773 3234 illius

671 3269 828 3333 doni
875 3274 976 3332 est
1021 3290 1218 3353 penes
1265 3268 1603 3332 dominum
1650 3288 1859 3345 suum,
1892 3270 1965 3332 in
2008 3290 2209 3353 regno
2240 3291 2359 3335 suo
2380 3276 2387 3283 ‘
2405 3270 2659 3347 Scotiae,
2709 3279 2777 3337 et

673 3371 760 3435 ad
806 3370 1000 3434 citius
1031 3370 1208 3453 quod
1253 3374 1579 3453 poterunt,
1615 3369 1855 3454 [illam]
1889 3370 2159 3434 domino
2198 3372 2339 3455 regi
2384 3370 2677 3437 deferent
2708 3380 2779 3438 et

673 3456 1152 3547 monstrabunt,
1200 3472 1258 3534 si
1303 3472 1428 3535 sibi
1473 3472 1809 3556 placuerit,
1859 3478 1928 3537 et
1972 3474 2240 3539 consilio
2272 3498 2405 3543 suo.
2502 3478 2591 3543 Et
2620 3478 2777 3562 quia

672 3573 1025 3658 praedictus
1069 3572 1116 3636 J
1117 3571 1406 3636 ohannes
1451 3572 1534 3636 (16
1581 3573 1940 3659 Hastinges
2000 3575 2307 3641 clamium
2354 3579 2531 3663 q'uod
2575 3598 2775 3664 appo-

675 3676 810 3739 suit
871 3696 1008 3738 non
1074 3678 1453 3759 prosecutus
1523 3673 1668 3750 fuit,
1729 3674 1887 3739 licet
1952 3676 2197 3761 pluries
2266 3684 2334 3743 et
2400 3680 2779 3745 solemniter

677 3774 911 3839 fuisset
939 3780 1212 3841 vocatus
1239 3799 1254 3854 ;
1300 3780 1369 3839 et
1412 3796 1529 3859 per
1573 3776 2087 3860 inquisitionem,
2121 3780 2201 3844 de
2248 3785 2425 3847 terr-a
2468 3782 2550 3847 de
2597 3782 2774 3867 Tyn-

678 3876 824 3939 dale
871 3882 1146 3960 captam,
1179 3882 1584 3963 compertum
1631 3884 1746 3956 est,
1795 3880 1973 3963 quod
2016 3882 2371 3966 praedictus
2400 3884 2777 3949 Alexander

675 3980 1042 4043 antecessor
1085 3979 1385 4063 praedicti
1430 3979 1477 4043 J
1478 3979 1772 4057 ohanniS,
1819 3983 1991 4067 regis
2038 3983 2292 4061 Scotiae,
2340 3985 2475 4050 fuit,
2516 3987 2777 4051 seisitus

681 4079 762 4142 de
830 4078 1020 4142 terris
1065 4079 1212 4156 inis,
1260 4082 1333 4142 in
1379 4081 1706 4147 dominico
1775 4104 1895 4148 suo
1949 4090 2027 4148 ut
2095 4086 2175 4150 de
2222 4086 2425 4164 feod0,
2474 4088 2581 4151 die
2650 4107 2779 4173 quo

681 4180 885 4259 obiit;
929 4184 1000 4244 et
1043 4180 1220 4264 qnod
1265 4181 1440 4245 idem
1471 4182 1517 4245 J
1518 4182 1811 4247 ohannes
1845 4186 2018 4270 [rex]
2062 4192 2163 4250 est
2191 4186 2398 4252 haeres
2442 4189 2585 4272 ejus
2630 4210 2779 4273 pro-

675 4282 1000 4369 pinquior,
1045 4280 1234 4347 nulla
1299 4281 1474 4347 facta
1539 4285 1873 4349 mentione
1920 4287 2001 4350 de
2046 4288 2176 4351 alio
2220 4284 2494 4365 haerede,
2544 4290 2653 4354 vel
2699 4291 2779 4354 de

675 4384 824 4449 aliis
877 4383 1262 4461 haeredibus
1311 4384 1520 4469 ipsius
1563 4384 1949 4463 Alexandri,
2013 4388 2551 4475 qualitercunque
2612 4414 2778 4477 prae-

675 4484 854 4551 fatus
884 4486 931 4550 J
931 4485 1224 4551 ohannes
1256 4484 1366 4569 [de
1397 4486 1784 4572 Hastinges]
1802 4510 1893 4553 ·se
1938 4490 2281 4575 opposuit;
2326 4498 2395 4555 et
2424 4514 2573 4558 611111
2603 4494 2781 4559 1(16111

675 4586 722 4651 J
721 4587 1012 4661 ohannes
1079 4589 1160 4657 de
1207 4588 1513 4673 Hasting’
1559 4592 1629 4653 et
1695 4589 1811 4653 alii
1856 4589 2160 4669 haeredes,
2209 4593 2265 4657 si
2293 4634 2303 4644 -
2334 4596 2447 4679 qui
2516 4595 2778 4671 fuerint,

675 4706 1053 4776 recuperare
1085 4722 1100 4737 ·
1121 4712 1315 4755 suum
1378 4688 2000 4758 haereditamentum
2078 4700 2405 4779 poterunt,
2470 4697 2526 4761 si
2602 4697 2779 4783 quod
