3592 5817
939 872 1335 929 REGIS-fnum
1382 876 1787 926 PALATINUM
1835 874 2322 927 Donnmnnss.
2558 856 2682 926 371

582 1064 739 1131 filiae
792 1088 946 1144 suae,
997 1088 1210 1153 nuper
1267 1068 1447 1153 apud
1514 1066 1858 1153 Bradbery
1915 1066 2296 1145 intelfectae,
2359 1064 2683 1142 detentus,
2744 1088 2856 1133 m.
2870 1090 2986 1133 134⁴.
3067 1100 3082 1111 =

583 1167 795 1253 ipsam
846 1167 1075 1249 volens
1133 1168 1469 1253 castigare,
1515 1190 1666 1235 cum
1726 1156 2013 1253 quodam
2073 1166 2305 1253 baculo
2365 1165 2688 1254 percussit

581 1270 654 1333 in
722 1270 955 1356 capite,
998 1268 1179 1333 unde
1233 1269 1443 1349 obiit3
1510 1274 1579 1334 et
1629 1290 1763 1334 non
1831 1292 1950 1355 per
2015 1269 2341 1347 feloniam,
2387 1275 2508 1335 aut
2572 1289 2684 1334 ex—

582 1371 940 1458 cogitatam
998 1370 1344 1449 malitiam,
1388 1370 1759 1451 interfecit3
1837 1393 1974 1451 nos,
2035 1371 2287 1455 pietate
2356 1371 2537 1449 moti,
2599 1369 2685 1435 ad

583 1474 973 1539 instantiam
1034 1472 1261 1541 dilecti
1318 1467 1537 1541 clerici
1596 1473 1824 1552 nostri,
1869 1474 2170 1561 magistri
2231 1473 2278 1539 J
2278 1473 2556 1539 ohannis
2604 1474 2686 1537 de
2801 1524 2804 1527 .
2925 1545 2932 1569 .

583 1574 1053 1654 Whitchirche,
1122 1574 1651 1661 perdonavimus
1708 1575 1922 1641 eidem
1995 1574 2363 1662 Reginaldo
2435 1579 2682 1640 'sectam

584 1676 765 1763 pacis
822 1682 1083 1755 nostrae,
1130 1697 1281 1762 quse
1324 1676 1411 1743 ad
1472 1698 1592 1743 nos
1637 1677 1945 1763 pertinet,
2007 1692 2126 1762 pro
2171 1680 2382 1743 morte
2435 1676 2687 1741 Emmae

583 1778 741 1873 filiae
782 1800 925 1845 suae
970 1778 1323 1865 praedictae,
1370 1782 1441 1843 et
1484 1778 1743 1844 firmam
1795 1798 2024 1865 pacem
2082 1780 2375 1861 nostram
2422 1777 2484 1842 ei
2523 1778 2684 1842 inde

583 1880 1038 1960 concedimus;
1082 1880 1183 1947 ita
1226 1886 1467 1958 tamen,
1499 1880 1676 1965 quod
1719 1885 1856 1947 stet
1899 1886 2077 1947 recto
2121 1880 2196 1944 in
2224 1880 2406 1947 curia
2444 1886 2685 1957 nostra,

582 1981 640 2047 si
685 1983 833 2068 quis
878 2004 1123 2048 versus·
1152 2004 1305 2049 eum
1346 1982 1529 2068 loqui
1574 1981 1865 2049 voluerit
1909 1983 1990 2048 de
2012 1982 2280 2049 'eadem
2371 1983 2456 2047 In
2500 1982 2688 2068 cujus

580 2085 675 2149 rei
716 2084 1185 2163 testimonium,
1217 2083 1338 2150 has
1382 2084 1607 2151 literas
1650 2090 1908 2151 nostras
1952 2084 2096 2149 fieri
2139 2084 2411 2152 fecimus
2457 2089 2688 2170 paten-

583 2192 735 2265 teS,·
778 2186 982 2273 sigilli
1054 2188 1265 2253 nostri
1340 2187 1765 2273 impressione
1841 2188 2148 2253 munitas.
2287 2186 2540 2253 Datum
2613 2186 2687 2250 in
2737 2185 2742 2195 '

582 2290 875 2355 manerio
940 2295 1167 2355 nostro
1237 2289 1321 2355 de
1380 2287 1771 2367 Aukeland',
1834 2288 2201 2376 penultimo
2269 2289 2377 2355 die
2445 2288 2687 2354 mensis

584 2390 943 2469 Februarii,
1012 2409 1187 2457 auno
1260 2390 1687 2477 pontificatus
1760 2390 1971 2455 nostri
2037 2389 2386 2457 undecimo
2459 2410 2686 2476 supra-

582 2494 777 2561 dicto.

581 2669 922 2721 Proclamafio
945 2670 1079 2735 eJus-
1234 2646 1571 2725 Ricardus,
1602 2646 1731 2712 Dei
1775 2646 2007 2733 gratia,
2038 2646 2506 2719 Dunolmensis
2552 2646 2686 2733 epi·
2713 2660 2932 2707 ummo
2948 2660 3000 2705 or

584 2738 702 2787 dem
726 2743 892 2789 earm.
1142 2771 1392 2837 scopus,
1469 2748 1842 2817 vicecomiti
1930 2754 2156 2815 nostro
2235 2747 2686 2828 Dunolmensi,
2713 2712 2988 2807 2232}ssssss

583 2854 879 2920 salutem.
990 2852 1165 2935 Quia
1226 2850 1591 2938 'Reginaldo
1655 2852 1737 2917 de
1801 2850 2142 2936 Bradbery
2203 2856 2450 2917 sectam
2513 2852 2692 2937 pacis
2715 2813 2975 2957 {iffi}-

582 2961 841 3035 nostrae,
888 2977 1037 3041 quae
1094 2956 1183 3023 ad
1241 2963 1361 3019 nos
1420 2954 1727 3041 pertinet,
1774 2974 1894 3040 pro
1951 2958 2164 3031 morte
2217 2953 2486 3032 Emmae,
2531 2953 2688 3048 filiae
2715 2964 2894 3017 panion

582 3080 735 3138 suae,
781 3080 995 3146 nuper
1036 3058 1217 3147 apud
1262 3056 1603 3142 Bradbery
1648 3055 2038 3134 interfectae,
2081 3056 2260 3123 unde
2319 3056 2687 3123 indictatus

584 3165 653 3227 et
718 3166 1002 3230 rettatus
1071 3160 1319 3237 existit,
1384 3158 1908 3246 perdonavimus,
1974 3164 2044 3225 et
2131 3159 2388 3225 firmam
2461 3180 2690 3245 pacem

582 3268 876 3337 nostram
940 3262 1001 3327 ei
1064 3262 1223 3327 inde
1284 3261 1735 3338 concessimus,
1801 3264 2000 3347 prout
2065 3260 2140 3325 in
2202 3266 2394 3327 carta
2448 3266 2690 3338 nostra,

583 3365 713 3430 sibi
754 3365 910 3429 inde
954 3363 1269 3441 confecta,
1310 3362 1571 3449 plenius
1616 3362 2032 3441 continetur3
2069 3361 2198 3427 tibi
2257 3360 2690 3449 praecipimus,

584 3467 899 3553 quatinus
960 3464 1341 3553 hujusmodi
1407 3470 1665 3531 nostras
1725 3464 2264 3551 perdonationem
2325 3470 2396 3531 et
2446 3485 2691 3552 pacem,

582 3568 713 3635 sibi
774 3589 1125 3647 concessas,
1189 3568 1265 3632 in
1324 3567 1645 3633 comitatu
1720 3571 1946 3633 nostro
2008 3566 2230 3655 palam
2295 3572 2367 3633 et
2430 3567 2692 3654 publice

584 3670 1019 3756 proclametis,
1080 3691 1215 3747 seu,
1276 3673 1476 3755 prout
1538 3667 1739 3735 moris
1802 3674 1920 3747 est,
1965 3668 2354 3755 proclamari
2413 3668 2688 3736 faciatis.

584 3772 837 3837 Datum
902 3772 978 3837 in
1038 3770 1331 3837 manerio
1392 3775 1618 3836 nostro
1681 3770 1762 3839 de
1827 3770 2220 3850 Aukeland',
2278 3771 2516 3838 ultimo
2583 3771 2692 3836 die
2748 3852 2794 3864 .-

584 3874 826 3939 mensis
870 3872 1231 3952 Februarii,
1278 3892 1453 3939 anno
1498 3871 1772 3939 Domini
1831 3868 2179 3938 millesimo
2231 3887 2435 3941 cccmo.
2484 3874 2691 3961 quad·
2781 3868 2826 3881 ”

584 3976 907 4062 ragesimo
950 3974 1165 4055 tertio,
1213 3980 1283 4043 et
1324 3980 1568 4041 nostrae
1613 3974 2118 4041 consecrationis
2162 3975 2525 4041 undecimo.

586 4206 745 4259 cm„
757 4206 973 4259 Thomae
988 4206 1153 4260 Ornst’
1166 4222 1285 4258 eon.
1425 4170 1761 4249 Ricardus,
1786 4154 2210 4256 permissione
2233 4170 2480 4248 divina,
2503 4170 2692 4235 Dun-
2716 4186 2946 4281 ὲξξὲιὲιῐι..

586 4290 746 4351 qessa,
790 4275 855 4351 ρο
902 4273 1065 4325 officio
1108 4273 1283 4325 ballivi
1350 4270 1659 4338 olmensis
1704 4270 2061 4359 episcopus,
2093 4272 2399 4338 omnibus
2445 4277 2514 4337 et
2557 4272 2692 4339 sin-
2719 4288 2917 4357 trhoxqas

584 4341 832 4391 hbet-tatis
850 4338 1145 4392 Eouedon'.
1471 4375 1485 4389 .
1671 4374 1685 4389 .
1722 4376 1735 4389 .
1779 4375 1793 4389 .
1883 4366 1888 4371 ·
2047 4376 2060 4389 .
2531 4376 2544 4389 .
2719 4338 2850 4399 Orqt
2881 4349 2933 4380 aa

1348 4374 1523 4461 guhs
1598 4374 1941 4452 mnitibus,
2016 4374 2220 4441 hbere
2295 4375 2692 4454 tenentibus,
2717 4388 2868 4483 humabo
2881 4389 3030 4482 ogghe

584 4474 864 4554 ballivis,
884 4482 981 4563 ⁸et
1039 4474 1189 4543 aliis
1251 4477 1376 4542 sub
1419 4477 1665 4543 nostris
1711 4477 2004 4543 dominio
2049 4483 2120 4542 et
2164 4475 2472 4544 districtu
2517 4478 2690 4544 exis-
2719 4442 2948 4533 Ηοιῗέἕστι

2716 4540 2810 4585 and
2826 4539 2980 4583 Houe·
3068 4564 3077 4569 -

584 4577 883 4644 tentibus
944 4579 1464 4665 quibuscunque,
1524 4578 1852 4645 salutem}
1985 4578 2406 4645 Universitas
2468 4586 2692 4671 vestre.
2717 4590 2945 4670 aequm.

619 4764 636 4797 ¹
661 4766 813 4819 Some
833 4769 1001 4819 words
1020 4769 1144 4819 here
1164 4767 1369 4820 written
1390 4768 1445 4819 in
1460 4770 1551 4819 the
1568 4767 1768 4835 margin
1794 4784 1895 4831 are,
1913 4774 1966 4822 to
1989 4768 2060 4820 all
2081 4784 2411 4839 appearance,
2432 4770 2678 4849 illegible.⁸
2785 4780 2790 4785 '

1426 4866 1437 4883 ’
1554 4878 1563 4885 ·
2214 4866 2262 4913 A
2290 4866 2339 4917 A
2385 4853 2425 4915 2
