3592 5817
1435 14 1578 21 --q
1609 14 1670 21 -τ
1717 16 1786 18 --
2054 16 2065 18 ν
2112 16 2143 18 v-
2242 17 2247 19 -
2362 14 3401 36 -—*-;,-=*WW*WW—·—-

3110 36 3189 45 a*
3254 33 3349 51 μα,-

950 908 1349 963 8881818011
1394 910 1801 961 run-mun
1847 910 2333 961 8118181111888
2569 894 2698 965 375

592 1100 943 1183 praetextu,
988 1116 1245 1163 necnon
1300 1099 1382 1162 ut
1438 1096 1513 1161 in
1572 1100 1908 1182 posterum
1952 1096 2040 1161 ad
2085 1096 2400 1181 obsequia
2443 1095 2703 1182 potiora
2744 1114 3004 1164 ι8111818.

590 1198 780 1264 nobis
833 1202 903 1265 et
960 1198 1175 1264 eidem
1220 1196 1505 1265 ecclesiae
1548 1201 1793 1263 nostrae
1851 1196 2294 1284 impendenda
2337 1197 2702 1263 ferventius

591 1302 939 1379 animetur,
972 1302 1329 1387 quamdam
1373 1320 1663 1369 annuam
1685 1299 2068 1414 pensionem
2102 1299 2328 1366 decem
2365 1300 2700 1378 librarum,

590 1403 681 1467 ad
722 1402 1081 1469 terminum
1111 1401 1273 1469 vitae
1318 1422 1471 1479 suae,
1517 1399 1966 1478 concessimus,
2013 1400 2097 1465 (18
2141 1401 2436 1467 manerio
2477 1408 2703 1469 nostro

592 1504 677 1569 de
722 1502 1258 1571 Northalverton?
1304 1502 1790 1589 percipiendam
1826 1502 2106 1589 singulis
2149 1503 2358 1582 annis,
2403 1505 2490 1569 ad
2535 1506 2701 1571 duos

594 1606 925 1684 terminos,
992 1605 1317 1683 videlicet,
1364 1604 1451 1671 ad
1516 1603 1685 1669 festa
1748 1602 1979 1671 Sancti
2022 1604 2308 1671 Andreae
2371 1612 2440 1673 et
2501 1606 2700 1674 Sanc-

592 1712 812 1773 torum
879 1706 1061 1773 Petri
1106 1713 1177 1773 et
1241 1706 1430 1773 Pauli
1476 1705 1968 1793 Apostolorum,
2026 1728 2144 1793 per
2204 1707 2489 1793 aequales
2554 1731 2702 1795 por-

590 1809 845 1889 tiones3
888 1809 1253 1897 obligantes
1295 1808 1729 1877 nihilominus
1776 1808 2147 1875 manerium
2190 1814 2491 1875 nostrum
2536 1831 2701 1897 prae-

592 1911 860 1989 dictum,
947 1912 1034 1979 ad
1120 1912 1583 2009 cujuscunque,
1658 1932 1775 1976 seu
1844 1930 2398 1997 quorumcunque,
2466 1935 2701 1980 manus

591 2014 947 2092 devenerit,
1008 2014 1095 2081 ad
1153 2012 1545 2081 solutionem
1604 2013 1804 2079 dictae
1853 2034 2095 2079 annuae
2165 2016 2498 2100 pensionis
2567 2016 2698 2081 818-

588 2118 763 2205 gulis
806 2118 1013 2196 annis,
1045 2118 1349 2185 terminis
1390 2116 1803 2204 supradictis,
1835 2116 2042 2183 donec
2085 2116 2168 2182 de
2211 2118 2479 2183 redditu
2521 2120 2699 2184 tanti

590 2218 833 2287 valoris
905 2218 1269 2297 annuatim,
1322 2218 1409 2284 ad
1476 2216 1848 2283 terminum
1894 2218 2056 2285 vitae
2123 2218 2385 2304 praefati
2448 2218 2700 2285 domini

588 2322 847 2409 Rogeri,
878 2322 1005 2389 sibi
1049 2321 1433 2389 duxerimus
1478 2321 1974 2408 providendum.
2067 2321 2152 2385 In
2195 2320 2384 2407 cujus
2427 2322 2524 2387 rei
2569 2328 2698 2388 tes-

590 2426 959 2503 timonium,
988 2424 1110 2491 has
1138 2424 1363 2491 literas
1392 2428 1649 2489 nostras
1678 2426 1984 2510 patentes
2011 2422 2156 2488 fieri
2183 2422 2471 2501 fecimus,
2497 2424 2697 2510 sigilli

593 2526 803 2603 nostri
870 2526 1295 2613 impressione
1338 2524 1649 2591 munitas
1788 2524 2042 2590 Datum
2085 2524 2265 2609 apud
2332 2524 2698 2590 manerium

593 2632 893 2693 nostrum
954 2627 1039 2693 de
1096 2625 1454 2702 Houeden’,
1500 2624 1739 2693 ultimo
1803 2624 1910 2689 die
1972 2625 2214 2689 mensis
2277 2624 2697 2711 Septembris,

592 2750 768 2795 anno
813 2727 1085 2794 Domini
1144 2726 1490 2792 millesimo
1535 2738 1742 2795 eccm.
1790 2726 2288 2813 quadragesimo
2332 2732 2584 2865 quarto,
2631 2732 2701 2795 et

592 2836 835 2899 nostrae
878 2830 1381 2904 consecrationis
1424 2828 1788 2897 undecimo.

1128 3034 1477 3101 Universis
1524 3034 1741 3101 Sacrae
1772 3032 2008 3099 Matris
2055 3030 2360 3098 Ecclesiae
2405 3031 2561 3097 filiis
2613 3032 2700 3099 8(1
2725 3040 3002 3089 notificatio
2963 3056 3025 3089 on

1039 3160 1202 3225 quos
1246 3142 1599 3224 praesentes
1628 3135 1840 3203 111-,8188
1884 3136 2320 3221 pervenerint,
2363 3136 2699 3216 Rima-dus,
2725 3093 2890 3196 ffihss
2907 3147 2959 3188 of

590 3241 1015 3358 permissione
1078 3240 1325 3317 divina,
1371 3239 1838 3305 Dunolmensis
1863 3238 2256 3323 episcopus,
2301 3238 2582 3304 salutem
2627 3242 2753 3307 1118
2683 3189 2767 3237 D
2771 3156 2934 3239 urium
2950 3198 2997 3240 οἱ

596 3342 865 3409 sinceris
932 3342 1351 3429 amplexibus
1414 3340 1795 3407 Salvatoris.
1891 3339 2236 3405 Noveritis
2301 3360 2421 3405 nos
2475 3341 2701 3409 literas
2723 3258 3034 3441 ἓξξζζέῗ

595 3444 981 3511 dilectorum
1054 3448 1445 3520 nostrorum,
1506 3441 1761 3506 domini
1834 3440 1882 3505 J
1882 3440 2158 3506 ohannis
2234 3441 2318 3506 de
2378 3442 2700 3529 Assheby,
2723 3446 2806 3537 3¹30
2787 3447 3032 3541 Βξοὲιιωίῃᾞυ

596 3547 913 3633 magistri,
960 3568 1079 3613 seu
1120 3544 1427 3622 custodis,
1474 3542 1821 3659 hospitalis
1865 3542 2076 3607 nostri
2120 3542 2204 3609 de
2265 3543 2780 3638 Νο1611811181-8ζ
2791 3546 2866 3589 ΝΟ
2853 3546 3007 3639 ἔξω·

596 3649 746 3726 ton’,
794 3655 867 3714 et
920 3648 1203 3715 flatrum
1264 3646 1556 3733 ejusdem
1600 3644 1743 3723 loci,
1788 3644 2167 3730 inspexisse,
2229 3650 2528 3713 tenorem
2577 3649 2692 3736 qui
2724 3598 2900 3708 vanu
2885 3664 3002 3711 1887.

450 3766 464 3777 ·
592 3751 893 3836 sequitur
934 3750 1385 3817 continentes.
1384 3784 1475 3797 —

682 3852 1033 3921 Universis
1076 3854 1431 3938 praesentes
1460 3848 1687 3915 literas
1730 3847 2142 3933 inspectmis,
2173 3870 2308 3928 nos,
2355 3850 2405 3917 J
2404 3852 2697 3920 ohannes
2719 3860 2859 3957 {051³
2875 3864 3020 3958 οῐξιο

594 3958 677 4023 (18
749 3954 1069 4040 Assheby,
1139 3952 1467 4039 magister,
1542 3972 1659 4017 seu
1734 3954 1968 4027 custos,
2009 3948 2392 4049 hospitalis
2467 3954 2697 4023 Sancti
2837 3926 2950 3967 m

593 4058 641 4124 J
640 4058 826 4125 acobi
856 4057 939 4123 de
985 4052 1523 4121 Northalverton’
1525 4104 1540 4130 ,
1572 4057 1642 4118 et
1668 4051 1904 4117 fiatres
1936 4051 2228 4138 ejusdem
2273 4054 2416 4133 1001,
2461 4060 2700 4123 notum

592 4160 868 4227 facimus
910 4178 1031 4244 per
1074 4156 1350 4233 easdem,
1398 4155 1573 4241 quod
1602 4174 1737 4231 nos,
1769 4154 2072 4221 unanimi
2102 4174 2421 4223 consensu
2465 4164 2536 4225 et
2579 4182 2695 4227 vo-

592 4264 854 4329 luntate
912 4266 1153 4339 nostra,
1208 4261 1296 4326 ad
1354 4258 1743 4324 instantiam
1805 4262 1876 4323 et
1933 4262 2238 4343 rogatum
2299 4264 2695 4329 venerabilis

591 4368 665 4433 in
706 4367 973 4436 Christo
1016 4365 1225 4452 patris
1260 4368 1330 4429 et
1374 4360 1643 4439 domini,
1675 4360 1926 4427 domini
1971 4360 2255 4441 Ricardi,
2289 4364 2418 4429 Dei
2460 4367 2690 4451 gratia,

592 4470 1062 4538 Dunolmensis
1124 4466 1427 4555 episcopi,
1474 4464 1793 4541 (18(11111118,
1853 4464 2303 4544 concessimus,
2349 4474 2419 4533 et
2462 4472 2693 4536 confir-

590 4574 920 4639 mavimus
978 4593 1095 4657 per
1153 4574 1523 4656 praesentes,
1571 4566 1810 4633 dilecto
1851 4566 2042 4632 nobis
2101 4567 2174 4631 in
2235 4568 2516 4649 Christo,
2577 4573 2696 4638 Ri-
2775 4578 2784 4585 ’

590 4678 788 4745 cardo
830 4676 914 4741 de
958 4672 1247 4739 Parisius
1308 4670 1659 4758 quamdam
1725 4669 2181 4735 liberationem
2241 4672 2324 4736 de
2381 4672 2694 4761 hospitali

592 4778 925 4865 praedicto,
972 4782 1042 4843 et
1108 4772 1423 4861 magistro
1490 4778 1560 4838 et
1626 4772 1942 4837 fratribus
2017 4770 2324 4856 ejusdem,
2395 4776 2510 4859 qui
2573 4799 2704 4862 pro·

592 4888 886 4969 tempore
950 4879 1215 4957 fuerint,
1282 4898 1401 4963 per
1466 4897 1536 4941 se
1600 4874 1710 4941 vel
1775 4875 2000 4953 alium,
2045 4874 2240 4941 modo
2307 4877 2689 4965 subscript0‚

1742 5108 1789 5133 N

3409 18 3584 34 ιμ-ν.
