3592 5817
1072 811 1202 880 572
1933 829 2304 880 Aprsnmx,

1068 1011 1201 1077 fere
1268 1017 1419 1098 post
1478 1019 1743 1100 tempus
1823 1013 2076 1080 ultimae
2143 1013 2612 1100 publicationis
2675 1013 3054 1091 earundem,
3095 1013 3160 1078 in

1069 1112 1309 1178 nostris
1352 1113 1737 1180 civitatibus
1798 1120 1868 1179 et
1911 1115 2304 1180 dioecesibus
2339 1115 2482 1200 jam
2541 1115 2842 1192 sublatis,
2893 1120 2964 1180 et
3007 1114 3158 1201 proh

1069 1214 1251 1280 dolor
1272 1221 1285 1279 Ξ
1303 1214 1327 1252 ¹
1402 1216 1651 1294 alienis,
1716 1217 1789 1281 in
1814 1215 1840 1255 ¹
1902 1217 2211 1304 praesenti
2287 1238 2470 1282 sacra
2528 1219 2782 1302 synodo
2860 1217 3162 1282 duximus

1066 1316 1507 1402 publicandas.

1126 1519 1228 1586 Ut
1274 1519 1709 1588 Ecclesiastici
1752 1521 2012 1608 plebem
2058 1521 2352 1599 doceant,
2399 1526 2467 1586 et
2511 1521 2732 1586 debite
2777 1543 2848 1585 se
2895 1525 3133 1606 gerant.

1022 1667 1033 1676 ”
1158 1669 1343 1735 Licet
1402 1670 1475 1735 in
1538 1670 1910 1750 canonibus,
1957 1691 2034 1736 ac
2099 1671 2464 1756 legatorum
2509 1675 2578 1736 et
2621 1671 3158 1756 praedecessorum

1066 1777 1437 1836 nostrorum
1508 1770 2128 1848 constitutionibus,
2187 1771 2389 1836 fuerit
2451 1770 2826 1848 diffinitum,
2891 1770 3161 1855 qualiter

1068 1871 1195 1934 viri
1242 1870 1657 1937 ecclesiastici
1704 1871 1775 1935 in
1819 1870 2204 1936 instruendo
2249 1872 2504 1958 plebem
2549 1872 2679 1936 sibi
2739 1873 3157 1946 commissam,

1064 1971 1449 2036 celebrando
1525 1971 1755 2037 divina
1830 1969 2056 2049 officia,
2121 1976 2189 2036 et
2235 1970 2657 2038 Sacramenta
2719 1971 3160 2036 Eoclesiastioe

1063 2071 1513 2148 ministrando,
1560 2093 1629 2136 se
1694 2093 1918 2157 gerere
1983 2071 2281 2150 debeant,
2329 2077 2396 2136 et
2457 2071 2734 2150 habere3
2791 2094 2880 2136 ne
2951 2079 3158 2136 tamen

1063 2173 1485 2238 conniventia
1529 2177 1756 2237 nostra
1821 2193 2209 2238 consensum
2275 2172 2568 2252 inducat,
2615 2179 2685 2236 et
2747 2173 3158 2238 taciturnitas

1062 2275 1279 2360 pariat
1323 2273 1532 2358 culpae
1576 2278 1852 2350 reatum,
1900 2273 2442 2358 subditorumque
2487 2274 2756 2358 sanguis
2801 2274 2888 2338 de
2931 2272 3156 2338 nostris

1062 2376 1368 2442 manibus
1410 2375 1821 2460 requiratur3
1867 2395 2204 2441 monemus
2249 2397 2474 2442 omnes
2519 2383 2587 2440 et
2655 2376 2950 2462 singulos
2995 2375 3154 2439 viros

1064 2476 1542 2553 ecclesiasticos,
1634 2476 1706 2539 in
1780 2476 2032 2541 virtute
2109 2475 2370 2541 Sanctae
2451 2477 2846 2541 obedientiae
2913 2497 3022 2541 eos
3089 2475 3154 2537 in

1062 2578 1349 2644 Domino
1408 2579 1849 2656 exhortantes,
1895 2577 2086 2662 quod,
2125 2578 2328 2663 juxta
2391 2598 2712 2644 canonum
2776 2585 2847 2642 et
2911 2575 3156 2644 Consti-

1065 2680 1397 2744 tutionum
1444 2681 1811 2764 [tenorem],
1873 2682 2197 2764 quantum
2257 2679 2342 2743 ad
2387 2699 2496 2744 eos
2557 2680 2862 2764 pertinet,
2911 2679 3152 2764 plebem

1062 2783 1395 2847 instruant
1438 2781 1706 2858 solicite,
1740 2787 1809 2846 et
1839 2781 2210 2858 informent,
2243 2781 2444 2846 verbo
2474 2783 2722 2866 pariter
2751 2787 2820 2845 et
2851 2781 3152 2866 exemplo.

1062 2881 1172 2946 Sic
1236 2883 1539 2947 decenter
1600 2887 1669 2946 et
1730 2881 2004 2946 honeste
2070 2903 2138 2947 se
2183 2881 2475 2946 habeant
2543 2883 2614 2945 in
2683 2881 2922 2948 habitu
2967 2889 3034 2947 et
3088 2881 3154 2945 in

1059 2987 1293 3068 gestu3
1351 2983 1697 3047 missarum
1760 2983 2090 3059 solemnia,
2160 2988 2228 3047 et
2295 2983 2427 3048 alia
2495 2983 2726 3049 divina
2793 2983 3020 3061 officia,
3071 2983 3156 3046 sic

1061 3082 1298 3150 devote
1328 3088 1686 3170 peragant3
1729 3083 2290 3168 ecclesiasticaque
2321 3091 2731 3149 sacramenta
2751 3085 3155 3163 ministrent;

1062 3207 1363 3252 excessus
1408 3184 1633 3250 taliter
1676 3185 2005 3270 corrigant
2051 3191 2120 3250 et
2161 3184 2532 3262 reforment,
2580 3193 2702 3250 aut
2764 3187 3152 3251 denuncient

1062 3287 1508 3374 corrigendos3
1574 3307 1651 3352 ac
1716 3287 1894 3352 bona
1937 3287 2370 3353 ecclesiastica
2429 3287 2556 3351 sibi
2623 3289 2966 3352 commissa
3031 3287 3152 3352 dis-

1062 3394 1341 3476 pensent
1364 3413 1380 3468 ;
1402 3385 1429 3426 3
1502 3387 1693 3472 quod,
1754 3387 1830 3451 in
1888 3387 2192 3453 examine
2253 3387 2536 3453 districti
2602 3389 2856 3474 judicii,
2912 3389 3154 3474 justam

1062 3491 1348 3556 Domino
1414 3489 1681 3554 valeant
1740 3487 2012 3553 reddere
2073 3488 2411 3554 rationem.
2507 3489 2638 3569 Qui
2698 3495 2924 3555 autem
2983 3511 3156 3557 secus

1062 3591 1350 3667 fecerint,
1396 3588 1647 3654 ultione
1694 3589 2007 3655 canonica
2049 3589 2359 3654 noverint
2402 3611 2472 3655 se
2516 3590 2910 3676 plectendos.

1180 3789 1266 3854 II.
1314 3789 1416 3854 Ut
1461 3789 1775 3854 Sacerdos
1821 3788 2052 3853 divina
2096 3781 2308 3869 officia
2351 3788 2528 3852 solus
2570 3810 2706 3853 non
2751 3796 3038 3874 peragat.

1150 3938 1341 4020 Quod
1389 3939 1633 4004 dicitur
1678 3947 1711 3973 “
1728 3937 1848 4002 Vae
1917 3937 2054 4015 soli,
2100 3937 2411 4022 quoniam
2479 3958 2612 4003 non
2683 3937 2886 4004 habet
2945 3939 3152 4003 suble·

1062 4049 1093 4075 ‘⁴
1140 4045 1410 4106 vantem
1486 4040 1606 4117 se,”
1625 4039 1654 4079 ⁴
1725 4039 1998 4125 provide
2073 4040 2508 4116 attendentes
2569 4041 2926 4106 statuimus
2986 4040 3154 4127 quod

1061 4142 1285 4207 nullus
1346 4140 1656 4219 sacerdos,
1703 4144 1972 4226 propter
2037 4138 2280 4204 mentis
2346 4139 2828 4220 alienationem,
2897 4149 2967 4206 et
3027 4142 3152 4207 alia

1064 4242 1535 4330 impedimenta
1564 4241 1984 4318 occurrentia,
2021 4241 2194 4326 (quae
2235 4245 2525 4306 mentem
2553 4242 2639 4305 ab
2669 4243 2962 4308 oratione
2991 4263 3156 4328 saepe

1066 4345 1420 4430 revocant),
1468 4342 1831 4419 matutinis,
1909 4341 2212 4426 vesperis,
2279 4348 2349 4406 et
2409 4341 2558 4406 aliis
2617 4341 2864 4407 divinis
2939 4342 3158 4409 officiis

1064 4509 1134 4516 ...-

1130 4603 1143 4636 ¹
1174 4599 1506 4667 ρνοιήοάοἱον,
1528 4599 1643 4652 MS.
2101 4604 2112 4740 ι
2220 4597 2242 4630 ⁸
2275 4597 2638 4662 dispensentur,
2659 4598 2775 4650 MS.

1127 4683 1148 4714 ²
1182 4683 1273 4743 rei,
1294 4681 1409 4732 MS.
2223 4675 2245 4707 ⁴
2281 4675 2478 4727 Eccles.
2503 4677 2568 4726 iv.
2601 4683 2674 4728 10.
