<?xml version="1.0" encoding="UTF-8"?>
<!DOCTYPE html PUBLIC "-//W3C//DTD XHTML 1.0 Transitional//EN"
    "http://www.w3.org/TR/xhtml1/DTD/xhtml1-transitional.dtd">
<html xmlns="http://www.w3.org/1999/xhtml" xml:lang="en" lang="en">
 <head>
  <title>
</title>
<meta http-equiv="Content-Type" content="text/html;charset=utf-8" />
  <meta name='ocr-system' content='tesseract 3.04.00' />
  <meta name='ocr-capabilities' content='ocr_page ocr_carea ocr_par ocr_line ocrx_word'/>
</head>
<body>
  <div class='ocr_page' id='page_1' title='image "./registrumpalati00unkngoog_0303.png"; bbox 0 0 3592 5817; ppageno 0'>
   <div class='ocr_carea' id='block_1_1' title="bbox 564 1049 798 1096">
    <p class='ocr_par' dir='ltr' id='par_1_1' title="bbox 564 1049 798 1096">
     <span class='ocr_line' id='line_1_1' title="bbox 564 1049 798 1096; baseline 0.004 -1"><span class='ocrx_word' id='word_1_1' title='bbox 564 1049 667 1095; x_wconf 54' lang='grc' dir='ltr'><strong>ΔΑ),</strong></span> <span class='ocrx_word' id='word_1_2' title='bbox 681 1053 798 1096; x_wconf 70' lang='grc'><strong>1841.</strong></span> 
     </span>
    </p>
   </div>
   <div class='ocr_carea' id='block_1_2' title="bbox 754 1139 1978 1226">
    <p class='ocr_par' dir='ltr' id='par_1_2' title="bbox 754 1139 1978 1226">
     <span class='ocr_line' id='line_1_2' title="bbox 754 1139 1978 1226; baseline -0.001 -21"><span class='ocrx_word' id='word_1_3' title='bbox 754 1140 763 1157; x_wconf 83' lang='lat'>’</span> <span class='ocrx_word' id='word_1_4' title='bbox 858 1141 1089 1206; x_wconf 77' lang='lat' dir='ltr'><strong>Fra‘oer</strong></span> <span class='ocrx_word' id='word_1_5' title='bbox 1133 1141 1178 1206; x_wconf 85' lang='lat' dir='ltr'>J</span> <span class='ocrx_word' id='word_1_6' title='bbox 1178 1141 1467 1206; x_wconf 79' lang='lat' dir='ltr'><strong>ohannes</strong></span> <span class='ocrx_word' id='word_1_7' title='bbox 1512 1141 1595 1205; x_wconf 87' lang='grc'><strong>(16</strong></span> <span class='ocrx_word' id='word_1_8' title='bbox 1640 1139 1978 1226; x_wconf 76' lang='lat' dir='ltr'><strong>Thoresby</strong></span> 
     </span>
    </p>
   </div>
   <div class='ocr_carea' id='block_1_3' title="bbox 856 841 2661 1125">
    <p class='ocr_par' dir='ltr' id='par_1_3' title="bbox 856 841 2661 1125">
     <span class='ocr_line' id='line_1_3' title="bbox 858 841 2595 906; baseline -0.002 0"><span class='ocrx_word' id='word_1_9' title='bbox 858 841 985 906; x_wconf 86' lang='lat'><strong>108</strong></span> <span class='ocrx_word' id='word_1_10' title='bbox 1222 851 1617 905; x_wconf 64' lang='lat' dir='ltr'><strong>Eremmon</strong></span> <span class='ocrx_word' id='word_1_11' title='bbox 1662 853 2066 904; x_wconf 66' lang='lat' dir='ltr'><strong>mmmmm</strong></span> <span class='ocrx_word' id='word_1_12' title='bbox 2112 853 2595 904; x_wconf 73' lang='lat' dir='ltr'><strong>DUNELMENSE.</strong></span> 
     </span>
     <span class='ocr_line' id='line_1_4' title="bbox 856 1021 2661 1125; baseline 0 -21"><span class='ocrx_word' id='word_1_13' title='bbox 856 1039 1087 1106; x_wconf 72' lang='lat' dir='ltr'><strong>Frater</strong></span> <span class='ocrx_word' id='word_1_14' title='bbox 1130 1037 1504 1105; x_wconf 73' lang='lat' dir='ltr'><strong>willelmus</strong></span> <span class='ocrx_word' id='word_1_15' title='bbox 1542 1041 1623 1106; x_wconf 87' lang='grc'><strong>(16</strong></span> <span class='ocrx_word' id='word_1_16' title='bbox 1672 1037 2026 1125; x_wconf 79' lang='lat' dir='ltr'><strong>Newburg’</strong></span> <span class='ocrx_word' id='word_1_17' title='bbox 2074 1040 2154 1104; x_wconf 87' lang='lat' dir='ltr'><strong>de</strong></span> <span class='ocrx_word' id='word_1_18' title='bbox 2199 1021 2376 1104; x_wconf 75' lang='lat' dir='ltr'><strong>Alba</strong></span> <span class='ocrx_word' id='word_1_19' title='bbox 2419 1037 2661 1104; x_wconf 85' lang='lat' dir='ltr'><strong>Landa.</strong></span> 
     </span>
    </p>
   </div>
   <div class='ocr_carea' id='block_1_4' title="bbox 850 1143 2953 2736">
    <p class='ocr_par' dir='ltr' id='par_1_4' title="bbox 858 1143 2624 1320">
     <span class='ocr_line' id='line_1_5' title="bbox 858 1143 2624 1320; baseline 0.002 -14"><span class='ocrx_word' id='word_1_20' title='bbox 858 1243 1089 1308; x_wconf 69' lang='lat' dir='ltr'><strong>Frater</strong></span> <span class='ocrx_word' id='word_1_21' title='bbox 1134 1243 1387 1308; x_wconf 81' lang='lat' dir='ltr'><strong>Alanus</strong></span> <span class='ocrx_word' id='word_1_22' title='bbox 1432 1243 1513 1308; x_wconf 89' lang='grc'><strong>(16</strong></span> <span class='ocrx_word' id='word_1_23' title='bbox 1558 1241 1988 1308; x_wconf 76' lang='lat' dir='ltr'><strong>Hudeleston&#39;</strong></span> <span class='ocrx_word' id='word_1_24' title='bbox 2029 1143 2131 1320; x_wconf 74' lang='lat'><strong>-}</strong></span> <span class='ocrx_word' id='word_1_25' title='bbox 2145 1197 2624 1264; x_wconf 57' lang='lat' dir='ltr'>Praedmatores‘</span> 
     </span>
    </p>

    <p class='ocr_par' dir='ltr' id='par_1_5' title="bbox 948 1343 2899 1422">
     <span class='ocr_line' id='line_1_6' title="bbox 948 1343 2899 1422; baseline 0.002 -15"><span class='ocrx_word' id='word_1_26' title='bbox 948 1345 1178 1414; x_wconf 71' lang='lat' dir='ltr'><strong>Frater</strong></span> <span class='ocrx_word' id='word_1_27' title='bbox 1222 1343 1271 1409; x_wconf 81' lang='lat' dir='ltr'><strong>J</strong></span> <span class='ocrx_word' id='word_1_28' title='bbox 1269 1343 1557 1410; x_wconf 80' lang='lat' dir='ltr'><strong>ohannes</strong></span> <span class='ocrx_word' id='word_1_29' title='bbox 1602 1343 1930 1422; x_wconf 79' lang='lat' dir='ltr'><strong>Duxfeld’,</strong></span> <span class='ocrx_word' id='word_1_30' title='bbox 1977 1346 2058 1410; x_wconf 92' lang='grc'><strong>(16</strong></span> <span class='ocrx_word' id='word_1_31' title='bbox 2103 1346 2332 1410; x_wconf 81' lang='lat' dir='ltr'>ordine</span> <span class='ocrx_word' id='word_1_32' title='bbox 2377 1343 2899 1412; x_wconf 68' lang='lat' dir='ltr'><strong>Gai-moliturum.</strong></span> 
     </span>
    </p>

    <p class='ocr_par' dir='ltr' id='par_1_6' title="bbox 947 1446 2928 1524">
     <span class='ocr_line' id='line_1_7' title="bbox 947 1446 2928 1524; baseline 0.001 -14"><span class='ocrx_word' id='word_1_33' title='bbox 947 1448 1177 1512; x_wconf 71' lang='lat' dir='ltr'><strong>Frater</strong></span> <span class='ocrx_word' id='word_1_34' title='bbox 1220 1447 1437 1512; x_wconf 88' lang='lat' dir='ltr'><strong>Adam</strong></span> <span class='ocrx_word' id='word_1_35' title='bbox 1482 1448 1563 1512; x_wconf 89' lang='grc'><strong>(16</strong></span> <span class='ocrx_word' id='word_1_36' title='bbox 1609 1446 1956 1524; x_wconf 84' lang='grc' dir='ltr'><strong>Ι)1111011110,</strong></span> <span class='ocrx_word' id='word_1_37' title='bbox 2003 1449 2084 1513; x_wconf 93' lang='grc'><strong>(16</strong></span> <span class='ocrx_word' id='word_1_38' title='bbox 2129 1447 2356 1512; x_wconf 85' lang='lat' dir='ltr'><strong>ordino</strong></span> <span class='ocrx_word' id='word_1_39' title='bbox 2402 1447 2928 1514; x_wconf 72' lang='lat' dir='ltr'><strong>Praedicaborum.</strong></span> 
     </span>
    </p>

    <p class='ocr_par' dir='ltr' id='par_1_7' title="bbox 946 1547 2883 1627">
     <span class='ocr_line' id='line_1_8' title="bbox 946 1547 2883 1627; baseline 0 -15"><span class='ocrx_word' id='word_1_40' title='bbox 946 1547 1176 1613; x_wconf 74' lang='lat' dir='ltr'><strong>Frater</strong></span> <span class='ocrx_word' id='word_1_41' title='bbox 1220 1547 1589 1614; x_wconf 76' lang='lat' dir='ltr'><strong>Willelmus</strong></span> <span class='ocrx_word' id='word_1_42' title='bbox 1636 1549 1717 1614; x_wconf 85' lang='lat' dir='ltr'><strong>de</strong></span> <span class='ocrx_word' id='word_1_43' title='bbox 1766 1547 2090 1627; x_wconf 65' lang='lat' dir='ltr'><strong>Newton&#39;,</strong></span> <span class='ocrx_word' id='word_1_44' title='bbox 2135 1550 2217 1614; x_wconf 90' lang='grc'><strong>(16</strong></span> <span class='ocrx_word' id='word_1_45' title='bbox 2263 1549 2490 1618; x_wconf 82' lang='lat' dir='ltr'><strong>ordine</strong></span> <span class='ocrx_word' id='word_1_46' title='bbox 2537 1549 2883 1614; x_wconf 87' lang='lat' dir='ltr'><strong>Minorum.</strong></span> 
     </span>
    </p>

    <p class='ocr_par' dir='ltr' id='par_1_8' title="bbox 943 1649 2512 1716">
     <span class='ocr_line' id='line_1_9' title="bbox 943 1649 2512 1716; baseline 0.002 -3"><span class='ocrx_word' id='word_1_47' title='bbox 943 1651 1173 1716; x_wconf 75' lang='lat' dir='ltr'><strong>Frater</strong></span> <span class='ocrx_word' id='word_1_48' title='bbox 1218 1650 1500 1716; x_wconf 82' lang='lat' dir='ltr'>Thomas</span> <span class='ocrx_word' id='word_1_49' title='bbox 1546 1651 1627 1716; x_wconf 82' lang='grc'><strong>(16</strong></span> <span class='ocrx_word' id='word_1_50' title='bbox 1674 1649 2023 1716; x_wconf 70' lang='lat' dir='ltr'><strong>Staunton’</strong></span> <span class='ocrx_word' id='word_1_51' title='bbox 2055 1651 2136 1716; x_wconf 88' lang='grc'><strong>(16</strong></span> <span class='ocrx_word' id='word_1_52' title='bbox 2166 1649 2512 1716; x_wconf 75' lang='lat' dir='ltr'><strong>Alnewik&#39;.</strong></span> 
     </span>
    </p>

    <p class='ocr_par' dir='ltr' id='par_1_9' title="bbox 858 1751 2952 1932">
     <span class='ocr_line' id='line_1_10' title="bbox 944 1751 2952 1838; baseline 0 -20"><span class='ocrx_word' id='word_1_53' title='bbox 944 1751 1259 1838; x_wconf 65' lang='lat' dir='ltr'><strong>Mag-inber</strong></span> <span class='ocrx_word' id='word_1_54' title='bbox 1298 1752 1343 1817; x_wconf 84' lang='lat' dir='ltr'>J</span> <span class='ocrx_word' id='word_1_55' title='bbox 1342 1753 1632 1818; x_wconf 81' lang='lat' dir='ltr'><strong>ohannes</strong></span> <span class='ocrx_word' id='word_1_56' title='bbox 1664 1753 1745 1818; x_wconf 81' lang='lat' dir='ltr'><strong>de</strong></span> <span class='ocrx_word' id='word_1_57' title='bbox 1774 1753 2122 1832; x_wconf 88' lang='lat' dir='ltr'><strong>Dunolmo,</strong></span> <span class='ocrx_word' id='word_1_58' title='bbox 2154 1759 2366 1820; x_wconf 70' lang='lat' dir='ltr'><strong>rector</strong></span> <span class='ocrx_word' id='word_1_59' title='bbox 2397 1753 2681 1820; x_wconf 78' lang='lat' dir='ltr'><strong>ecelesiae</strong></span> <span class='ocrx_word' id='word_1_60' title='bbox 2728 1752 2952 1838; x_wconf 63' lang='lat' dir='ltr'><strong>Beatae</strong></span> 
     </span>
     <span class='ocr_line' id='line_1_11' title="bbox 858 1845 2173 1932; baseline -0.001 -13"><span class='ocrx_word' id='word_1_61' title='bbox 858 1853 1083 1919; x_wconf 86' lang='lat' dir='ltr'><strong>Mariae</strong></span> <span class='ocrx_word' id='word_1_62' title='bbox 1128 1855 1201 1918; x_wconf 88' lang='lat' dir='ltr'><strong>in</strong></span> <span class='ocrx_word' id='word_1_63' title='bbox 1246 1853 1489 1920; x_wconf 80' lang='lat' dir='ltr'><strong>ballivo</strong></span> <span class='ocrx_word' id='word_1_64' title='bbox 1536 1845 1795 1932; x_wconf 84' lang='lat' dir='ltr'><strong>boreali,</strong></span> <span class='ocrx_word' id='word_1_65' title='bbox 1842 1853 2173 1920; x_wconf 87' lang='lat' dir='ltr'><strong>Dunolmi.</strong></span> 
     </span>
    </p>

    <p class='ocr_par' dir='ltr' id='par_1_10' title="bbox 855 1953 2953 2223">
     <span class='ocr_line' id='line_1_12' title="bbox 948 1953 2952 2042; baseline 0 -21"><span class='ocrx_word' id='word_1_66' title='bbox 948 1955 1259 2042; x_wconf 73' lang='lat' dir='ltr'><strong>Magister</strong></span> <span class='ocrx_word' id='word_1_67' title='bbox 1302 1953 1671 2020; x_wconf 78' lang='lat' dir='ltr'><strong>Willelmus</strong></span> <span class='ocrx_word' id='word_1_68' title='bbox 1703 1957 1783 2020; x_wconf 89' lang='grc'><strong>(16</strong></span> <span class='ocrx_word' id='word_1_69' title='bbox 1832 1956 2272 2042; x_wconf 77' lang='lat' dir='ltr'><strong>Wygington&#39;,</strong></span> <span class='ocrx_word' id='word_1_70' title='bbox 2323 1955 2744 2022; x_wconf 82' lang='lat' dir='ltr'><strong>Eboraeensis</strong></span> <span class='ocrx_word' id='word_1_71' title='bbox 2791 1955 2952 2022; x_wconf 86' lang='lat' dir='ltr'><strong>dioe-</strong></span> 
     </span>
     <span class='ocr_line' id='line_1_13' title="bbox 855 2055 2953 2142; baseline 0.001 -20"><span class='ocrx_word' id='word_1_72' title='bbox 855 2057 1016 2122; x_wconf 64' lang='grc'><strong>665111</strong></span> <span class='ocrx_word' id='word_1_73' title='bbox 1060 2079 1176 2141; x_wconf 85' lang='lat' dir='ltr'><strong>per</strong></span> <span class='ocrx_word' id='word_1_74' title='bbox 1236 2057 1631 2122; x_wconf 74' lang='lat' dir='ltr'><strong>dimissorias</strong></span> <span class='ocrx_word' id='word_1_75' title='bbox 1691 2055 1775 2120; x_wconf 85' lang='lat' dir='ltr'><strong>ad</strong></span> <span class='ocrx_word' id='word_1_76' title='bbox 1837 2055 2108 2122; x_wconf 71' lang='lat' dir='ltr'><strong>titulum</strong></span> <span class='ocrx_word' id='word_1_77' title='bbox 2171 2057 2404 2142; x_wconf 80' lang='lat' dir='ltr'><strong>prioris</strong></span> <span class='ocrx_word' id='word_1_78' title='bbox 2465 2062 2532 2121; x_wconf 76' lang='lat' dir='ltr'><strong>et</strong></span> <span class='ocrx_word' id='word_1_79' title='bbox 2591 2063 2953 2124; x_wconf 68' lang='lat' dir='ltr'><strong>conventus</strong></span> 
     </span>
     <span class='ocr_line' id='line_1_14' title="bbox 855 2157 1333 2223; baseline -0.002 -1"><span class='ocrx_word' id='word_1_80' title='bbox 855 2157 1333 2223; x_wconf 66' lang='lat' dir='ltr'><strong>Dunolmensia</strong></span> 
     </span>
    </p>

    <p class='ocr_par' dir='ltr' id='par_1_11' title="bbox 850 2257 2950 2446">
     <span class='ocr_line' id='line_1_15' title="bbox 943 2257 2950 2337; baseline 0.002 -12"><span class='ocrx_word' id='word_1_81' title='bbox 943 2259 1310 2326; x_wconf 78' lang='lat' dir='ltr'><strong>willelmus</strong></span> <span class='ocrx_word' id='word_1_82' title='bbox 1372 2257 1661 2337; x_wconf 74' lang='lat' dir='ltr'><strong>Precher,</strong></span> <span class='ocrx_word' id='word_1_83' title='bbox 1708 2259 1792 2325; x_wconf 89' lang='lat' dir='ltr'><strong>ad</strong></span> <span class='ocrx_word' id='word_1_84' title='bbox 1855 2259 2126 2326; x_wconf 77' lang='lat' dir='ltr'><strong>titulum</strong></span> <span class='ocrx_word' id='word_1_85' title='bbox 2173 2283 2232 2324; x_wconf 88' lang='lat' dir='ltr'><strong>v.</strong></span> <span class='ocrx_word' id='word_1_86' title='bbox 2283 2281 2646 2326; x_wconf 82' lang='lat' dir='ltr'><strong>marcarum</strong></span> <span class='ocrx_word' id='word_1_87' title='bbox 2697 2263 2778 2328; x_wconf 84' lang='lat' dir='ltr'><strong>de</strong></span> <span class='ocrx_word' id='word_1_88' title='bbox 2839 2263 2885 2328; x_wconf 89' lang='lat' dir='ltr'><strong>J</strong></span> <span class='ocrx_word' id='word_1_89' title='bbox 2887 2285 2950 2331; x_wconf 89' lang='lat' dir='ltr'><strong>o-</strong></span> 
     </span>
     <span class='ocr_line' id='line_1_16' title="bbox 850 2361 2373 2446; baseline -0.002 -18"><span class='ocrx_word' id='word_1_90' title='bbox 850 2361 1068 2428; x_wconf 82' lang='lat' dir='ltr'><strong>hanne</strong></span> <span class='ocrx_word' id='word_1_91' title='bbox 1115 2361 1511 2438; x_wconf 60' lang='lat' dir='ltr'><strong>Bondemam</strong></span> <span class='ocrx_word' id='word_1_92' title='bbox 1558 2361 1868 2446; x_wconf 77' lang='lat' dir='ltr'><strong>burgensi</strong></span> <span class='ocrx_word' id='word_1_93' title='bbox 1917 2361 2094 2426; x_wconf 85' lang='lat' dir='ltr'><strong>Novi</strong></span> <span class='ocrx_word' id='word_1_94' title='bbox 2141 2361 2373 2428; x_wconf 76' lang='lat' dir='ltr'><strong>Castri.</strong></span> 
     </span>
    </p>

    <p class='ocr_par' dir='ltr' id='par_1_12' title="bbox 850 2461 2952 2633">
     <span class='ocr_line' id='line_1_17' title="bbox 942 2461 2952 2540; baseline 0 -10"><span class='ocrx_word' id='word_1_95' title='bbox 942 2465 1265 2530; x_wconf 71' lang='lat' dir='ltr'><strong>Roberbus</strong></span> <span class='ocrx_word' id='word_1_96' title='bbox 1311 2462 1714 2540; x_wconf 77' lang='lat' dir='ltr'><strong>Procurator,</strong></span> <span class='ocrx_word' id='word_1_97' title='bbox 1758 2463 1843 2528; x_wconf 88' lang='lat' dir='ltr'><strong>ad</strong></span> <span class='ocrx_word' id='word_1_98' title='bbox 1891 2461 2162 2528; x_wconf 76' lang='lat' dir='ltr'><strong>titulum</strong></span> <span class='ocrx_word' id='word_1_99' title='bbox 2193 2485 2252 2528; x_wconf 84' lang='lat' dir='ltr'><strong>v.</strong></span> <span class='ocrx_word' id='word_1_100' title='bbox 2301 2483 2666 2531; x_wconf 86' lang='lat' dir='ltr'><strong>marcarum</strong></span> <span class='ocrx_word' id='word_1_101' title='bbox 2713 2465 2793 2530; x_wconf 87' lang='lat' dir='ltr'><strong>de</strong></span> <span class='ocrx_word' id='word_1_102' title='bbox 2839 2465 2952 2530; x_wconf 87' lang='lat' dir='ltr'><strong>Jo-</strong></span> 
     </span>
     <span class='ocr_line' id='line_1_18' title="bbox 850 2553 2229 2633; baseline -0.001 -2"><span class='ocrx_word' id='word_1_103' title='bbox 850 2565 1069 2633; x_wconf 81' lang='lat' dir='ltr'><strong>hanno</strong></span> <span class='ocrx_word' id='word_1_104' title='bbox 1114 2565 1250 2632; x_wconf 90' lang='lat' dir='ltr'><strong>filio</strong></span> <span class='ocrx_word' id='word_1_105' title='bbox 1297 2559 1592 2632; x_wconf 72' lang='lat' dir='ltr'><strong>Ricardo.</strong></span> <span class='ocrx_word' id='word_1_106' title='bbox 1746 2553 1753 2568; x_wconf 68' lang='lat'><strong>⁴</strong></span> <span class='ocrx_word' id='word_1_107' title='bbox 2205 2617 2229 2630; x_wconf 56' lang='lat'><strong>„</strong></span> 
     </span>
    </p>

    <p class='ocr_par' dir='ltr' id='par_1_13' title="bbox 942 2663 2952 2736">
     <span class='ocr_line' id='line_1_19' title="bbox 942 2663 2952 2736; baseline 0 -2"><span class='ocrx_word' id='word_1_108' title='bbox 942 2668 1301 2734; x_wconf 80' lang='lat' dir='ltr'><strong>Nicholaus</strong></span> <span class='ocrx_word' id='word_1_109' title='bbox 1347 2669 1429 2734; x_wconf 90' lang='grc'><strong>(16</strong></span> <span class='ocrx_word' id='word_1_110' title='bbox 1476 2667 1854 2734; x_wconf 72' lang='lat' dir='ltr'><strong>Lancestfia</strong></span> <span class='ocrx_word' id='word_1_111' title='bbox 1897 2667 1982 2736; x_wconf 88' lang='lat' dir='ltr'><strong>ad</strong></span> <span class='ocrx_word' id='word_1_112' title='bbox 2027 2663 2302 2734; x_wconf 75' lang='lat' dir='ltr'><strong>titulum</strong></span> <span class='ocrx_word' id='word_1_113' title='bbox 2351 2691 2410 2733; x_wconf 87' lang='lat' dir='ltr'><strong>v.</strong></span> <span class='ocrx_word' id='word_1_114' title='bbox 2459 2687 2824 2736; x_wconf 70' lang='lat' dir='ltr'><strong>max-caium</strong></span> <span class='ocrx_word' id='word_1_115' title='bbox 2872 2671 2952 2735; x_wconf 88' lang='grc'><strong>(16</strong></span> 
     </span>
    </p>
   </div>
   <div class='ocr_carea' id='block_1_5' title="bbox 854 2769 2947 2948">
    <p class='ocr_par' dir='ltr' id='par_1_14' title="bbox 854 2769 2947 2948">
     <span class='ocr_line' id='line_1_20' title="bbox 854 2769 1400 2856; baseline -0.002 -20"><span class='ocrx_word' id='word_1_116' title='bbox 854 2771 913 2836; x_wconf 87' lang='lat' dir='ltr'><strong>J.</strong></span> <span class='ocrx_word' id='word_1_117' title='bbox 962 2769 1400 2856; x_wconf 83' lang='lat' dir='ltr'><strong>Rougheved&#39;.</strong></span> 
     </span>
     <span class='ocr_line' id='line_1_21' title="bbox 940 2869 2947 2948; baseline 0 -8"><span class='ocrx_word' id='word_1_118' title='bbox 940 2871 985 2940; x_wconf 82' lang='lat' dir='ltr'><strong>J</strong></span> <span class='ocrx_word' id='word_1_119' title='bbox 988 2871 1277 2938; x_wconf 78' lang='lat' dir='ltr'><strong>ohannes</strong></span> <span class='ocrx_word' id='word_1_120' title='bbox 1351 2870 1527 2934; x_wconf 78' lang='lat' dir='ltr'><strong>filius</strong></span> <span class='ocrx_word' id='word_1_121' title='bbox 1602 2869 1647 2934; x_wconf 84' lang='lat' dir='ltr'>J</span> <span class='ocrx_word' id='word_1_122' title='bbox 1648 2869 1926 2936; x_wconf 83' lang='lat' dir='ltr'><strong>ohannis</strong></span> <span class='ocrx_word' id='word_1_123' title='bbox 2003 2869 2320 2948; x_wconf 82' lang='lat' dir='ltr'><strong>Goderici,</strong></span> <span class='ocrx_word' id='word_1_124' title='bbox 2395 2872 2482 2938; x_wconf 82' lang='lat' dir='ltr'><strong>ad</strong></span> <span class='ocrx_word' id='word_1_125' title='bbox 2547 2871 2819 2938; x_wconf 74' lang='lat' dir='ltr'><strong>titulum</strong></span> <span class='ocrx_word' id='word_1_126' title='bbox 2887 2897 2947 2940; x_wconf 85' lang='lat' dir='ltr'><strong>v.</strong></span> 
     </span>
    </p>
   </div>
   <div class='ocr_carea' id='block_1_6' title="bbox 853 2971 2952 3060">
    <p class='ocr_par' dir='ltr' id='par_1_15' title="bbox 853 2971 2952 3060">
     <span class='ocr_line' id='line_1_22' title="bbox 853 2971 2952 3060; baseline 0.001 -21"><span class='ocrx_word' id='word_1_127' title='bbox 853 2995 1212 3042; x_wconf 82' lang='lat' dir='ltr'><strong>marearum</strong></span> <span class='ocrx_word' id='word_1_128' title='bbox 1258 2973 1341 3040; x_wconf 86' lang='grc'><strong>(16</strong></span> <span class='ocrx_word' id='word_1_129' title='bbox 1386 2971 1431 3040; x_wconf 87' lang='lat' dir='ltr'><strong>J</strong></span> <span class='ocrx_word' id='word_1_130' title='bbox 1433 2972 1687 3040; x_wconf 83' lang='lat' dir='ltr'><strong>ohanne</strong></span> <span class='ocrx_word' id='word_1_131' title='bbox 1732 2973 1816 3039; x_wconf 86' lang='grc'><strong>(16</strong></span> <span class='ocrx_word' id='word_1_132' title='bbox 1863 2971 2221 3058; x_wconf 66' lang='lat' dir='ltr'><strong>Halghbon&#39;</strong></span> <span class='ocrx_word' id='word_1_133' title='bbox 2267 2974 2348 3039; x_wconf 85' lang='lat' dir='ltr'><strong>de</strong></span> <span class='ocrx_word' id='word_1_134' title='bbox 2393 2993 2524 3060; x_wconf 86' lang='lat' dir='ltr'><strong>quo</strong></span> <span class='ocrx_word' id='word_1_135' title='bbox 2569 2981 2837 3060; x_wconf 74' lang='lat' dir='ltr'><strong>reputat</strong></span> <span class='ocrx_word' id='word_1_136' title='bbox 2883 2999 2952 3042; x_wconf 80' lang='lat' dir='ltr'><strong>se</strong></span> 
     </span>
    </p>
   </div>
   <div class='ocr_carea' id='block_1_7' title="bbox 842 3081 2949 4482">
    <p class='ocr_par' dir='ltr' id='par_1_16' title="bbox 850 3081 1249 3144">
     <span class='ocr_line' id='line_1_23' title="bbox 850 3081 1249 3144; baseline -0.01 0"><span class='ocrx_word' id='word_1_137' title='bbox 850 3081 1249 3144; x_wconf 68' lang='lat' dir='ltr'><strong>contentum.</strong></span> 
     </span>
    </p>

    <p class='ocr_par' dir='ltr' id='par_1_17' title="bbox 847 3175 2948 3366">
     <span class='ocr_line' id='line_1_24' title="bbox 936 3175 2948 3263; baseline 0 -18"><span class='ocrx_word' id='word_1_138' title='bbox 936 3178 1151 3245; x_wconf 78' lang='lat' dir='ltr'><strong>Adam</strong></span> <span class='ocrx_word' id='word_1_139' title='bbox 1212 3178 1458 3263; x_wconf 73' lang='lat' dir='ltr'><strong>Artays</strong></span> <span class='ocrx_word' id='word_1_140' title='bbox 1518 3177 1603 3242; x_wconf 91' lang='lat' dir='ltr'><strong>ad</strong></span> <span class='ocrx_word' id='word_1_141' title='bbox 1658 3175 1929 3242; x_wconf 72' lang='lat' dir='ltr'><strong>titulum</strong></span> <span class='ocrx_word' id='word_1_142' title='bbox 1977 3198 2036 3240; x_wconf 81' lang='lat' dir='ltr'><strong>v,</strong></span> <span class='ocrx_word' id='word_1_143' title='bbox 2085 3195 2448 3242; x_wconf 85' lang='lat' dir='ltr'><strong>marearum</strong></span> <span class='ocrx_word' id='word_1_144' title='bbox 2518 3179 2599 3243; x_wconf 86' lang='lat' dir='ltr'><strong>de</strong></span> <span class='ocrx_word' id='word_1_145' title='bbox 2645 3177 2690 3243; x_wconf 87' lang='lat' dir='ltr'><strong>J</strong></span> <span class='ocrx_word' id='word_1_146' title='bbox 2691 3179 2948 3246; x_wconf 81' lang='lat' dir='ltr'><strong>ohanne</strong></span> 
     </span>
     <span class='ocr_line' id='line_1_25' title="bbox 847 3279 1109 3366; baseline 0 -20"><span class='ocrx_word' id='word_1_147' title='bbox 847 3279 1109 3366; x_wconf 68' lang='lat' dir='ltr'><strong>Arbaye.</strong></span> 
     </span>
    </p>

    <p class='ocr_par' dir='ltr' id='par_1_18' title="bbox 848 3379 2948 3553">
     <span class='ocr_line' id='line_1_26' title="bbox 934 3379 2948 3468; baseline 0.001 -20"><span class='ocrx_word' id='word_1_148' title='bbox 934 3383 1264 3448; x_wconf 75' lang='lat' dir='ltr'><strong>Walterus</strong></span> <span class='ocrx_word' id='word_1_149' title='bbox 1310 3381 1355 3447; x_wconf 89' lang='lat' dir='ltr'><strong>J</strong></span> <span class='ocrx_word' id='word_1_150' title='bbox 1356 3381 1526 3468; x_wconf 86' lang='lat' dir='ltr'><strong>akys</strong></span> <span class='ocrx_word' id='word_1_151' title='bbox 1571 3380 1655 3446; x_wconf 88' lang='lat' dir='ltr'><strong>ad</strong></span> <span class='ocrx_word' id='word_1_152' title='bbox 1700 3379 1974 3446; x_wconf 68' lang='lat' dir='ltr'><strong>titulum</strong></span> <span class='ocrx_word' id='word_1_153' title='bbox 2021 3402 2081 3444; x_wconf 88' lang='lat' dir='ltr'><strong>v.</strong></span> <span class='ocrx_word' id='word_1_154' title='bbox 2129 3382 2492 3448; x_wconf 67' lang='lat' dir='ltr'><strong>marcarum</strong></span> <span class='ocrx_word' id='word_1_155' title='bbox 2540 3382 2620 3448; x_wconf 85' lang='lat' dir='ltr'><strong>de</strong></span> <span class='ocrx_word' id='word_1_156' title='bbox 2663 3383 2948 3450; x_wconf 73' lang='lat' dir='ltr'><strong>Roberto</strong></span> 
     </span>
     <span class='ocr_line' id='line_1_27' title="bbox 848 3486 1164 3553; baseline 0 -3"><span class='ocrx_word' id='word_1_157' title='bbox 848 3486 1164 3553; x_wconf 71' lang='lat' dir='ltr'><strong>Leieestr&#39;.</strong></span> 
     </span>
    </p>

    <p class='ocr_par' dir='ltr' id='par_1_19' title="bbox 850 3585 2949 3772">
     <span class='ocr_line' id='line_1_28' title="bbox 935 3585 2949 3670; baseline 0 -18"><span class='ocrx_word' id='word_1_158' title='bbox 935 3587 979 3652; x_wconf 85' lang='lat' dir='ltr'>J</span> <span class='ocrx_word' id='word_1_159' title='bbox 981 3588 1269 3653; x_wconf 79' lang='lat' dir='ltr'><strong>ohannes</strong></span> <span class='ocrx_word' id='word_1_160' title='bbox 1314 3587 1396 3651; x_wconf 88' lang='grc'><strong>(16</strong></span> <span class='ocrx_word' id='word_1_161' title='bbox 1443 3587 1814 3652; x_wconf 81' lang='lat' dir='ltr'><strong>Marewode</strong></span> <span class='ocrx_word' id='word_1_162' title='bbox 1853 3586 1940 3652; x_wconf 89' lang='lat' dir='ltr'><strong>ad</strong></span> <span class='ocrx_word' id='word_1_163' title='bbox 1987 3585 2316 3670; x_wconf 76' lang='lat' dir='ltr'><strong>[titulum]</strong></span> <span class='ocrx_word' id='word_1_164' title='bbox 2362 3607 2422 3650; x_wconf 80' lang='lat' dir='ltr'><strong>v,</strong></span> <span class='ocrx_word' id='word_1_165' title='bbox 2467 3605 2830 3654; x_wconf 81' lang='lat' dir='ltr'><strong>marearum</strong></span> <span class='ocrx_word' id='word_1_166' title='bbox 2877 3589 2949 3653; x_wconf 87' lang='lat' dir='ltr'><strong>in</strong></span> 
     </span>
     <span class='ocr_line' id='line_1_29' title="bbox 850 3687 2042 3772; baseline -0.004 -18"><span class='ocrx_word' id='word_1_167' title='bbox 850 3687 1082 3754; x_wconf 73' lang='lat' dir='ltr'><strong>Castro</strong></span> <span class='ocrx_word' id='word_1_168' title='bbox 1124 3687 1456 3765; x_wconf 84' lang='lat' dir='ltr'><strong>Bernardi‚</strong></span> <span class='ocrx_word' id='word_1_169' title='bbox 1505 3687 1585 3751; x_wconf 87' lang='lat' dir='ltr'><strong>de</strong></span> <span class='ocrx_word' id='word_1_170' title='bbox 1631 3709 1761 3772; x_wconf 92' lang='lat' dir='ltr'><strong>quo</strong></span> <span class='ocrx_word' id='word_1_171' title='bbox 1807 3709 1892 3764; x_wconf 86' lang='lat' dir='ltr'><strong>re,</strong></span> <span class='ocrx_word' id='word_1_172' title='bbox 1926 3692 2042 3752; x_wconf 68' lang='lat' dir='ltr'><strong>etc.</strong></span> 
     </span>
    </p>

    <p class='ocr_par' dir='ltr' id='par_1_20' title="bbox 847 3786 2945 3956">
     <span class='ocr_line' id='line_1_30' title="bbox 936 3786 2945 3864; baseline 0.001 -12"><span class='ocrx_word' id='word_1_173' title='bbox 936 3787 982 3852; x_wconf 89' lang='lat' dir='ltr'><strong>J</strong></span> <span class='ocrx_word' id='word_1_174' title='bbox 983 3786 1270 3853; x_wconf 82' lang='lat' dir='ltr'><strong>ohannes</strong></span> <span class='ocrx_word' id='word_1_175' title='bbox 1300 3787 1475 3852; x_wconf 81' lang='lat' dir='ltr'><strong>filius</strong></span> <span class='ocrx_word' id='word_1_176' title='bbox 1516 3787 1679 3852; x_wconf 75' lang='lat' dir='ltr'><strong>Adae</strong></span> <span class='ocrx_word' id='word_1_177' title='bbox 1721 3786 1802 3852; x_wconf 93' lang='grc'><strong>(16</strong></span> <span class='ocrx_word' id='word_1_178' title='bbox 1849 3786 2170 3864; x_wconf 85' lang='lat' dir='ltr'><strong>Belbowe‚</strong></span> <span class='ocrx_word' id='word_1_179' title='bbox 2219 3787 2302 3852; x_wconf 87' lang='lat' dir='ltr'><strong>ad</strong></span> <span class='ocrx_word' id='word_1_180' title='bbox 2349 3788 2622 3854; x_wconf 78' lang='lat' dir='ltr'><strong>titulum</strong></span> <span class='ocrx_word' id='word_1_181' title='bbox 2667 3811 2727 3854; x_wconf 80' lang='lat' dir='ltr'><strong>v.</strong></span> <span class='ocrx_word' id='word_1_182' title='bbox 2777 3811 2945 3857; x_wconf 88' lang='lat' dir='ltr'><strong>mar-</strong></span> 
     </span>
     <span class='ocr_line' id='line_1_31' title="bbox 847 3889 2002 3956; baseline -0.002 0"><span class='ocrx_word' id='word_1_183' title='bbox 847 3911 1067 3956; x_wconf 80' lang='lat' dir='ltr'><strong>earum</strong></span> <span class='ocrx_word' id='word_1_184' title='bbox 1112 3891 1194 3954; x_wconf 88' lang='grc'><strong>(16</strong></span> <span class='ocrx_word' id='word_1_185' title='bbox 1238 3889 1285 3955; x_wconf 82' lang='lat' dir='ltr'>J</span> <span class='ocrx_word' id='word_1_186' title='bbox 1286 3889 1541 3955; x_wconf 85' lang='lat' dir='ltr'><strong>ohanne</strong></span> <span class='ocrx_word' id='word_1_187' title='bbox 1588 3889 1669 3954; x_wconf 87' lang='grc'><strong>(16</strong></span> <span class='ocrx_word' id='word_1_188' title='bbox 1716 3889 2002 3955; x_wconf 80' lang='lat' dir='ltr'><strong>Horsele.</strong></span> 
     </span>
    </p>

    <p class='ocr_par' dir='ltr' id='par_1_21' title="bbox 844 3989 2944 4162">
     <span class='ocr_line' id='line_1_32' title="bbox 934 3989 2944 4078; baseline 0.003 -22"><span class='ocrx_word' id='word_1_189' title='bbox 934 3991 1227 4078; x_wconf 79' lang='lat' dir='ltr'><strong>Rogerus</strong></span> <span class='ocrx_word' id='word_1_190' title='bbox 1292 3991 1373 4056; x_wconf 87' lang='grc'><strong>(16</strong></span> <span class='ocrx_word' id='word_1_191' title='bbox 1425 3989 1794 4069; x_wconf 81' lang='lat' dir='ltr'><strong>Aukeland,</strong></span> <span class='ocrx_word' id='word_1_192' title='bbox 1843 3992 1926 4060; x_wconf 81' lang='lat' dir='ltr'><strong>ad</strong></span> <span class='ocrx_word' id='word_1_193' title='bbox 1991 3991 2262 4058; x_wconf 73' lang='lat' dir='ltr'><strong>titulum</strong></span> <span class='ocrx_word' id='word_1_194' title='bbox 2317 4015 2374 4058; x_wconf 74' lang='grc' dir='ltr'><strong>ν.</strong></span> <span class='ocrx_word' id='word_1_195' title='bbox 2439 4015 2802 4062; x_wconf 84' lang='lat' dir='ltr'><strong>marearum</strong></span> <span class='ocrx_word' id='word_1_196' title='bbox 2864 3998 2944 4064; x_wconf 86' lang='lat' dir='ltr'><strong>de</strong></span> 
     </span>
     <span class='ocr_line' id='line_1_33' title="bbox 844 4093 1358 4162; baseline -0.008 0"><span class='ocrx_word' id='word_1_197' title='bbox 844 4093 889 4162; x_wconf 82' lang='lat' dir='ltr'><strong>J</strong></span> <span class='ocrx_word' id='word_1_198' title='bbox 890 4093 1147 4161; x_wconf 80' lang='lat' dir='ltr'><strong>ohanne</strong></span> <span class='ocrx_word' id='word_1_199' title='bbox 1194 4093 1358 4160; x_wconf 86' lang='lat' dir='ltr'><strong>Bin’.</strong></span> 
     </span>
    </p>

    <p class='ocr_par' dir='ltr' id='par_1_22' title="bbox 842 4195 2942 4368">
     <span class='ocr_line' id='line_1_34' title="bbox 931 4195 2942 4285; baseline 0.001 -21"><span class='ocrx_word' id='word_1_200' title='bbox 931 4198 1224 4285; x_wconf 69' lang='lat' dir='ltr'><strong>Rogerus</strong></span> <span class='ocrx_word' id='word_1_201' title='bbox 1270 4195 1445 4262; x_wconf 82' lang='lat' dir='ltr'><strong>filius</strong></span> <span class='ocrx_word' id='word_1_202' title='bbox 1492 4195 1806 4262; x_wconf 83' lang='lat' dir='ltr'><strong>willelmi</strong></span> <span class='ocrx_word' id='word_1_203' title='bbox 1853 4197 2162 4284; x_wconf 83' lang='lat' dir='ltr'><strong>Mainley‚</strong></span> <span class='ocrx_word' id='word_1_204' title='bbox 2208 4199 2294 4264; x_wconf 87' lang='lat' dir='ltr'><strong>ad</strong></span> <span class='ocrx_word' id='word_1_205' title='bbox 2347 4199 2620 4266; x_wconf 71' lang='lat' dir='ltr'><strong>titulum</strong></span> <span class='ocrx_word' id='word_1_206' title='bbox 2665 4221 2725 4266; x_wconf 83' lang='lat' dir='ltr'><strong>v,</strong></span> <span class='ocrx_word' id='word_1_207' title='bbox 2775 4223 2942 4267; x_wconf 88' lang='lat' dir='ltr'><strong>mar-</strong></span> 
     </span>
     <span class='ocr_line' id='line_1_35' title="bbox 842 4298 1975 4368; baseline -0.002 -1"><span class='ocrx_word' id='word_1_208' title='bbox 842 4323 1063 4368; x_wconf 84' lang='lat' dir='ltr'><strong>earum</strong></span> <span class='ocrx_word' id='word_1_209' title='bbox 1111 4303 1192 4366; x_wconf 88' lang='grc'><strong>(16</strong></span> <span class='ocrx_word' id='word_1_210' title='bbox 1238 4298 1541 4366; x_wconf 84' lang='lat' dir='ltr'><strong>Johanne</strong></span> <span class='ocrx_word' id='word_1_211' title='bbox 1589 4299 1975 4367; x_wconf 85' lang='lat' dir='ltr'><strong>Haunsard’.</strong></span> 
     </span>
    </p>

    <p class='ocr_par' dir='ltr' id='par_1_23' title="bbox 914 4403 2939 4482">
     <span class='ocr_line' id='line_1_36' title="bbox 914 4403 2939 4482; baseline 0.001 -12"><span class='ocrx_word' id='word_1_212' title='bbox 914 4405 959 4470; x_wconf 84' lang='lat' dir='ltr'>J</span> <span class='ocrx_word' id='word_1_213' title='bbox 962 4403 1250 4470; x_wconf 79' lang='lat' dir='ltr'><strong>ohannes</strong></span> <span class='ocrx_word' id='word_1_214' title='bbox 1310 4404 1485 4470; x_wconf 77' lang='lat' dir='ltr'><strong>filius</strong></span> <span class='ocrx_word' id='word_1_215' title='bbox 1546 4403 1844 4471; x_wconf 80' lang='lat' dir='ltr'><strong>Sewardi</strong></span> <span class='ocrx_word' id='word_1_216' title='bbox 1908 4405 1988 4472; x_wconf 86' lang='lat' dir='ltr'><strong>de</strong></span> <span class='ocrx_word' id='word_1_217' title='bbox 2067 4404 2361 4482; x_wconf 72' lang='lat' dir='ltr'><strong>Harton&#39;,</strong></span> <span class='ocrx_word' id='word_1_218' title='bbox 2407 4405 2492 4472; x_wconf 87' lang='lat' dir='ltr'><strong>ad</strong></span> <span class='ocrx_word' id='word_1_219' title='bbox 2540 4405 2810 4471; x_wconf 72' lang='lat' dir='ltr'><strong>titulum</strong></span> <span class='ocrx_word' id='word_1_220' title='bbox 2881 4430 2939 4472; x_wconf 84' lang='lat' dir='ltr'><strong>v.</strong></span> 
     </span>
    </p>
   </div>
   <div class='ocr_carea' id='block_1_8' title="bbox 842 4507 2940 4878">
    <p class='ocr_par' dir='ltr' id='par_1_24' title="bbox 842 4507 2940 4878">
     <span class='ocr_line' id='line_1_37' title="bbox 842 4507 1277 4591; baseline -0.002 -20"><span class='ocrx_word' id='word_1_221' title='bbox 842 4507 1277 4591; x_wconf 68' lang='lat' dir='ltr'><strong>[marcarum]</strong></span> 
     </span>
     <span class='ocr_line' id='line_1_38' title="bbox 931 4607 2706 4696; baseline 0.002 -24"><span class='ocrx_word' id='word_1_222' title='bbox 931 4609 977 4672; x_wconf 87' lang='lat' dir='ltr'>J</span> <span class='ocrx_word' id='word_1_223' title='bbox 978 4609 1265 4674; x_wconf 80' lang='lat' dir='ltr'><strong>ohannes</strong></span> <span class='ocrx_word' id='word_1_224' title='bbox 1310 4608 1485 4674; x_wconf 78' lang='lat' dir='ltr'><strong>filius</strong></span> <span class='ocrx_word' id='word_1_225' title='bbox 1530 4607 1818 4686; x_wconf 83' lang='lat' dir='ltr'><strong>Unfridi,</strong></span> <span class='ocrx_word' id='word_1_226' title='bbox 1864 4610 1949 4674; x_wconf 87' lang='lat' dir='ltr'><strong>ad</strong></span> <span class='ocrx_word' id='word_1_227' title='bbox 1995 4609 2266 4676; x_wconf 70' lang='lat' dir='ltr'><strong>titulum</strong></span> <span class='ocrx_word' id='word_1_228' title='bbox 2313 4611 2706 4696; x_wconf 72' lang='lat' dir='ltr'><strong>patrimonii.</strong></span> 
     </span>
     <span class='ocr_line' id='line_1_39' title="bbox 931 4709 2940 4795; baseline 0.002 -22"><span class='ocrx_word' id='word_1_229' title='bbox 931 4709 1256 4774; x_wconf 73' lang='lat' dir='ltr'><strong>Robertus</strong></span> <span class='ocrx_word' id='word_1_230' title='bbox 1298 4709 1377 4774; x_wconf 87' lang='grc'><strong>(16</strong></span> <span class='ocrx_word' id='word_1_231' title='bbox 1408 4709 1862 4795; x_wconf 75' lang='lat' dir='ltr'><strong>Tynemouth’‚</strong></span> <span class='ocrx_word' id='word_1_232' title='bbox 1909 4711 1992 4776; x_wconf 87' lang='lat' dir='ltr'><strong>ad</strong></span> <span class='ocrx_word' id='word_1_233' title='bbox 2040 4710 2312 4776; x_wconf 74' lang='lat' dir='ltr'><strong>titulum</strong></span> <span class='ocrx_word' id='word_1_234' title='bbox 2357 4733 2418 4777; x_wconf 83' lang='lat' dir='ltr'><strong>v.</strong></span> <span class='ocrx_word' id='word_1_235' title='bbox 2452 4733 2814 4780; x_wconf 83' lang='lat' dir='ltr'><strong>marcarum</strong></span> <span class='ocrx_word' id='word_1_236' title='bbox 2861 4715 2940 4778; x_wconf 86' lang='grc'><strong>(16</strong></span> 
     </span>
     <span class='ocr_line' id='line_1_40' title="bbox 842 4809 1379 4878; baseline -0.002 -2"><span class='ocrx_word' id='word_1_237' title='bbox 842 4811 1119 4878; x_wconf 85' lang='lat' dir='ltr'><strong>Ricardo</strong></span> <span class='ocrx_word' id='word_1_238' title='bbox 1166 4809 1379 4876; x_wconf 72' lang='lat' dir='ltr'><strong>Baret.</strong></span> 
     </span>
    </p>
   </div>
  </div>
 </body>
</html>
