3592 5817
640 2006 782 2051 8842.

886 889 1016 953 386
1257 900 1653 952 Rammium
1698 900 2106 950 ramnum
2151 902 2640 951 DUNELMENSE.

814 1127 827 1141 .
888 1081 998 1142 tus
1043 1098 1220 1143 meos
1288 1078 1633 1163 praedictos
1678 1075 2090 1163 augeantur.1
2197 1075 2272 1141 Si
2339 1082 2564 1141 autem
2605 1074 2998 1141 victualium

888 1180 1221 1245 caristiam
1266 1179 1555 1245 accidere
1586 1179 1945 1263 contingat,
1977 1176 2386 1262 singulorum
2431 1176 2756 1242 sociorum
2801 1176 2993 1241 dictae

890 1281 1123 1347 domus
1198 1302 1579 1358 communae,
1670 1280 2032 1345 secundum
2111 1278 2462 1343 arbitrium
2550 1278 2856 1365 magistri
2923 1284 2994 1343 et

888 1384 1395 1459 communitatis,
1464 1383 1551 1447 ad
1624 1382 2002 1468 quindecim
2069 1380 2370 1445 denarios
2415 1376 2738 1445 inclusive
2799 1380 2998 1467 septi—

888 1486 1210 1550 manatim
1269 1489 1651 1550 accrescant.
1751 1481 1918 1546 Volo
1982 1482 2186 1546 etiam
2253 1482 2443 1567 quod,
2489 1481 2772 1566 quilibet
2837 1502 3000 1567 prae·

890 1589 1216 1655 dictorum
1290 1586 1683 1651 scholarium
1758 1589 2044 1669 quatuor
2118 1583 2420 1648 denarios
2492 1584 2814 1668 percipiat
2885 1602 3003 1667 pro

889 1687 1275 1773 septimanis
1320 1686 1607 1751 maxime
1668 1683 1943 1760 festivis,
1989 1684 2164 1750 sicut
2229 1684 2302 1747 in
2369 1684 2739 1768 septimana
2783 1683 3000 1749 Nata-

890 1789 974 1853 lis
1018 1788 1291 1853 Domini
1357 1792 1427 1851 et
1484 1784 1767 1861 Paschae,
1815 1789 1884 1848 et
1949 1783 2098 1849 aliis
2161 1784 2623 1861 consimilibus,
2693 1783 2872 1849 ultra
2927 1784 3002 1849 id

892 1888 1069 1974 quod
1142 1887 1395 1952 solebat
1468 1907 1584 1972 per
1656 1884 2094 1969 septimanam
2183 1884 2566 1970 praedictam
2654 1875 3000 1970 percipere}

892 1990 1207 2075 Magister
1270 1987 1615 2072 -siquidem
1682 2007 2004 2051 cameram
2081 1986 2208 2051 sibi
2275 1985 2398 2051 soli
2479 1986 2723 2051 habeat
2790 1987 3001 2071 depu-

891 2094 1118 2166 tatam,
1166 2092 1236 2153 et
1278 2088 1649 2172 garcionem
1710 2086 1838 2150 sibi
1897 2086 2402 2163 ministrantem,
2447 2087 2580 2171 qui,
2641 2086 3002 2151 secundum

890 2189 1370 2254 ordinationem
1440 2186 1950 2262 communitatis,
1996 2208 2185 2251 suam
2247 2187 2795 2252 sustentationem
2857 2209 3004 2272 per-

890 2292 1095 2379 cipiat
1156 2290 1239 2355 de
1306 2288 1651 2355 communi.
1747 2287 1923 2368 Quia
1987 2308 2144 2353 vero
2207 2293 2568 2366 extraneos,
2629 2289 2716 2354 ad
2759 2290 3006 2355 dictam

890 2394 1161 2459 domum
1250 2411 1369 2476 pro
1442 2388 1725 2475 negotiis
1803 2388 2097 2473 ejusdem
2169 2390 2568 2466 accedentes,
2643 2391 2886 2475 saepius
2961 2412 3006 2456 a

892 2494 1206 2579 magistro
1280 2490 1482 2576 recipi
1557 2488 1903 2575 oportebit,
1969 2489 2246 2554 decerno
2306 2490 2497 2574 quod,
2565 2495 2835 2576 propter
2905 2492 3002 2557 sic

890 2595 1286 2671 mdentea
1334 2597 1403 2657 et
1447 2590 1937 2659 communitatis
1981 2590 2409 2669 honestatem,
2453 2613 2574 2677 pro
2633 2614 2702 2657 se
2747 2597 2818 2656 et
2861 2593 2998 2657 suis

892 2693 1449 2769 commensalibus
1496 2692 1555 2755 si
1598 2692 1934 2756 videbitur
1994 2691 2123 2755 sibi
2167 2691 2538 2777 expediens,
2601 2692 2674 2757 in
2735 2714 2992 2757 camera

895 2796 1172 2880 propria,
1218 2798 1416 2879 prout
1457 2792 1605 2857 aliis
1650 2792 1857 2869 sociiS,
1903 2792 2333 2869 ministratur,
2381 2814 2674 2859 mensam
2731 2793 3004 2857 minime

894 2893 1297 2959 excessivam
1364 2892 1605 2956 habeat
1648 2892 1731 2956 de
1775 2892 2146 2971 communi3
2209 2896 2278 2957 et
2329 2913 2406 2957 eo
2467 2900 2762 2979 tempore
2831 2895 3001 2960 dun-

894 2998 1103 3071 taxat,
1148 2993 1280 3057 nisi
1344 2991 1757 3078 aegritudinis
1805 2992 1912 3057 vel
1973 2992 2246 3058 alterius
2307 3015 2522 3061 causae
2589 2996 3002 3061 rationabilis

894 3094 1248 3160 necessitas
1322 3116 1474 3158 eum
1548 3098 1783 3179 urgeat
1856 3098 1927 3158 et
2000 3094 2363 3178 compellat.
2487 3095 2724 3161 Dictus
2799 3098 3000 3161 etiam

894 3197 1211 3282 magister
1255 3196 1691 3281 quadraginta
1735 3196 1976 3260 solidos
2018 3217 2138 3280 pro
2182 3196 2320 3261 suis
2363 3197 2744 3263 necessariis
2787 3219 3002 3263 annu-

898 3298 1068 3363 atim
1113 3297 1196 3362 de
1248 3296 1577 3362 communi
1639 3296 1976 3380 percipiat,
2023 3302 2092 3360 et
2157 3296 2436 3382 singulis
2495 3298 2690 3362 annis
2755 3299 2999 3376 robam,

896 3421 1048 3465 cum
1115 3398 1311 3484 longo
1378 3396 1651 3464 collobio
1695 3396 2026 3481 penulatO,
2072 3397 2182 3462 vel
2247 3420 2424 3483 capa,
2471 3404 2540 3464 et
2583 3399 2841 3465 futuras
2885 3422 3002 3487 pro

896 3502 1159 3578 eisdem,
1226 3501 1402 3584 (cum
1475 3498 1822 3565 facultates
1897 3497 2277 3563 reddituum
2353 3523 2646 3566 meorum
2721 3502 2808 3568 ad
2880 3502 3003 3569 hoc

898 3602 1299 3687 suffecerint)
1366 3622 1703 3686 quousque
1764 3622 1884 3686 per
1951 3622 2054 3664 me
2122 3601 2232 3666 vel
2291 3624 2407 3687 per
2468 3602 2646 3681 alios,
2707 3626 2824 3669 seu
2887 3627 3004 3690 per

898 3704 1453 3779 communitatem,
1520 3723 1639 3787 pro
1712 3723 1790 3767 eo
1859 3704 2260 3767 commodius
2333 3704 2536 3769 fuerit
2609 3706 2998 3773 ordinatum.

896 3804 1193 3871 Decerno
1240 3803 1456 3879 etiam,
1488 3801 1665 3885 quod
1729 3801 1906 3866 idem
1951 3804 2264 3888 magister
2321 3803 2774 3889 juramentum
2835 3829 3000 3891 prae-

890 3910 1032 3971 ·stet
1074 3904 1419 3990 corporale,
1448 3908 1529 3967 ut
1569 3904 1651 3968 de
1696 3923 1818 3968 sua
1844 3903 2429 3982 administratione,
2475 3912 2545 3971 et
2573 3908 2654 3971 de
2701 3908 3002 3974 omnibus

898 4007 1089 4073 bonis
1163 4006 1358 4071 dictae
1420 4005 1645 4069 domui
1706 4006 2169 4090 spectantibus,
2232 4028 2450 4073 coram
2513 4010 3000 4088 communitate,

898 4108 1009 4174 vel
1051 4105 1383 4192 aliquibus
1426 4106 1513 4170 ad
1556 4125 1675 4169 sua
1718 4104 2065 4169 ratiocinia
2107 4106 2437 4171 audienda
2480 4130 2598 4192 per
2641 4112 3002 4175 communi-

896 4219 1107 4279 tatem
1153 4212 1503 4297 deputatis‚
1548 4210 1740 4274 annis
1792 4210 2086 4295 singulis,
2134 4209 2242 4275 die
2287 4210 2550 4277 Sanctae
2595 4213 3002 4299 Margaretae,

898 4342 1016 4386 seu
1058 4325 1350 4404 tempore
1394 4317 1617 4402 aliquo
1660 4338 1777 4401 per
1807 4317 2345 4383 communitatem
2389 4319 2797 4404 assignando,
2842 4321 3002 4385 fide-

896 4425 1029 4490 lem
1072 4424 1308 4489 reddat
1348 4423 1707 4499 rationem3
1751 4422 1866 4506 qui
1911 4442 2030 4486 suo
2073 4422 2379 4487 similiter
2419 4424 2800 4503 ministeriO,
2831 4425 3002 4491 inte·-

1212 4649 1231 4685 ¹
1262 4666 1393 4717 auge
1414 4650 1653 4715 precedes
1674 4648 1779 4699 this
1801 4650 1958 4713 word,
1979 4648 2201 4701 inserted
2221 4652 2292 4716 by
2313 4650 2682 4705 inadvertence.
