3592 5817
1467 351 1837 400 APPmex.
2574 335 2703 400 589

603 559 737 602 non
783 538 1077 623 astringi.
1171 537 1217 602 J
1219 542 1367 602 uret
1431 538 1634 602 etiam
1699 536 1981 622 quilibet
2048 536 2275 612 socius,
2324 536 2394 598 in
2456 557 2576 600 sua
2621 535 2704 598 ad

604 640 850 705 dictam
919 641 1189 705 domum
1257 639 1665 716 admissione,
1715 639 1893 723 quod
1944 638 2099 724 jura
2160 644 2227 702 et
2272 638 2707 723 possessiones

606 740 800 806 dictae
843 742 1075 806 domus
1105 742 1350 826 ubique
1395 746 1732 817 terrarum,
1765 761 1883 824 pro
1930 740 2066 804 suis
2096 740 2365 816 viribus„
2400 739 2709 804 defendet

606 848 676 906 et
750 843 1176 918 conservabit,
1249 849 1316 906 et
1390 843 1477 907 ad
1552 862 1776 906 eorum
1840 840 2359 906 meliorationem
2425 841 2709 906 fideliter

604 941 946 1020 laborabit,
996 949 1078 1021 et,
1128 966 1281 1009 cum
1353 943 1438 1007 ad
1483 942 1819 1007 meliorem
1882 941 2233 1019 fortunam,
2281 941 2423 1006 Deo
2492 937 2707 1019 dant'e,

606 1045 995 1128 pervenerit,
1029 1046 1100 1108 in
1129 1044 1330 1109 licitis
1380 1049 1448 1108 et
1491 1043 1786 1109 honestis
1832 1043 2263 1128 promovebit,
2311 1049 2379 1107 et
2422 1044 2708 1108 maxime

608 1144 679 1207 in
708 1131 721 1136 ⁸
739 1145 1024 1209 consiliis
1071 1151 1141 1210 et
1187 1145 1472 1222 auxiliis,
1519 1166 1637 1230 pro
1684 1145 2059 1209 defensione
2105 1149 2173 1209 et
2218 1145 2709 1210 conservatione

599 1246 855 1330 jurium
904 1248 1098 1312 dictae
1146 1247 1392 1325 domus
1426 1254 1494 1312 et
1541 1268 1764 1311 eorum
1796 1246 2262 1324 melioratione,
2311 1268 2566 1330 semper
2594 1247 2709 1310 ad-

605 1346 924 1424 hibendis,
974 1354 1056 1425 et,
1111 1349 1292 1432 quoti
1301 1371 1367 1412 es
1415 1370 1578 1433 opus
1623 1347 1841 1425 fuerit,
1887 1348 2079 1412 fidele
2126 1348 2470 1412 consilium
2513 1349 2709 1414 dictae

605 1448 844 1530 domui,
914 1451 970 1514 si
1034 1451 1118 1514 ab
1165 1473 1240 1514 eo
1285 1449 1672 1534 requiratur,
1745 1454 2123 1514 constanter
2182 1449 2539 1514 adhibebit.
2634 1449 2708 1514 Si

607 1555 831 1614 autem
868 1550 1084 1615 dictus
1129 1552 1442 1636 magister
1486 1551 1567 1614 de
1613 1550 2012 1635 patrimonio
2056 1556 2175 1614 aut
2219 1551 2706 1636 spiritualitate,

607 1675 722 1718 seu
754 1654 986 1738 quovis
1032 1652 1162 1717 alio
1208 1653 1417 1730 mod0,
1450 1652 1531 1717 de
1577 1657 1770 1732 cert0,
1804 1653 1892 1716 ad
1936 1651 2225 1716 valorem
2270 1653 2712 1739 quadraginta

607 1755 922 1820 librarum
969 1760 1306 1839 promotus
1352 1753 1570 1830 fuerit,
1618 1753 1726 1817 sui-
1771 1751 1965 1818 officii
2026 1753 2343 1837 regimine
2405 1776 2489 1818 ex
2550 1759 2712 1821 tunc

609 1879 745 1922 non
790 1862 1034 1935 utatur,
1083 1862 1151 1920 et
1198 1878 1239 1920 a
1282 1855 1598 1920 beneficio
1644 1855 1840 1918 dictae
1887 1854 2118 1918 domus
2163 1856 2428 1939 penitus
2490 1856 2709 1922 exclu-

613 1960 840 2023 datur:
906 1959 1180 2022 eandem
1227 1964 1295 2022 et
1353 1957 1634 2022 formam
1694 1977 1814 2042 pro
1876 1956 2171 2039 quolibet
2229 1957 2359 2021 alio
2418 1959 2605 2035 socio,
2654 1960 2711 2022 si

611 2060 844 2144 quovis
905 2059 1098 2122 modo
1160 2058 1473 2143 praedicto
1549 2058 1635 2123 ad
1677 2056 1968 2122 valorem
2045 2064 2309 2122 centum
2354 2059 2711 2124 solidorum

610 2165 948 2246 promotus
1015 2159 1231 2236 fuerit,
1301 2159 1536 2223 ordino
1600 2158 1947 2223 observari.
2072 2158 2260 2236 Item,
2330 2182 2479 2224 cum
2548 2162 2709 2228 dieti

618 2261 918 2347 magistri
962 2261 1310 2337 industria,
1356 2260 1666 2324 honestas
1712 2264 1782 2324 et
1833 2259 2195 2345 diligentia,
2242 2283 2379 2345 prae
2443 2263 2711 2340 caeteris,

614 2361 978 2427 necessaria
1021 2362 1112 2425 sit
1156 2367 1226 2426 et
1271 2366 1656 2447 opportuna,
1725 2383 1809 2424 ne
1873 2383 1989 2446 per
2035 2361 2176 2447 ejus
2220 2362 2711 2449 negligentiam,

615 2464 791 2548 quod
867 2463 1074 2527 absit!
1157 2463 1266 2527 vel
1331 2461 1770 2540 insolentiam,
1848 2462 2043 2527 dictae
2112 2463 2337 2527 domui
2401 2466 2715 2531 eveniant

615 2564 960 2650 dispendia
1021 2569 1142 2628 aut
1207 2563 1497 2649 pericula
1563 2563 1881 2648 graviora,
1947 2564 2300 2647 praemissis
2362 2565 2600 2650 adjicio
2645 2572 2715 2631 et

616 2666 906 2752 disponO,
955 2670 1048 2742 ut,
1098 2687 1248 2730 cum
1295 2665 1608 2750 magister
1653 2664 1848 2729 dictae
1910 2664 2157 2742 domus,
2215 2667 2329 2750 qui
2383 2689 2502 2751 pro
2546 2673 2713 2733 tem-

617 2787 772 2852 pore
825 2765 1041 2842 fuerit,
1097 2788 1214 2850 per
1276 2764 1819 2850 dilapidationem
1878 2765 2200 2830 bonorum
2256 2766 2487 2831 domus
2547 2791 2713 2854 prae·

618 2869 831 2945 dictae,
877 2867 1154 2944 inutilis,
1202 2873 1326 2931 aut
1387 2866 1490 2930 sui
1560 2865 1755 2931 officii
1822 2865 2161 2953 negligens
2226 2874 2549 2948 executor,
2597 2892 2713 2936 seu

619 2969 999 3033 luxuriosus
1045 2967 1152 3032 vel
1195 2966 1579 3031 notabiliter
1621 2966 1921 3044 vitiosus,
1968 2972 2048 3031 ut
2091 2968 2363 3034 inferius
2412 2971 2493 3036 de
2524 2973 2715 3042 sociis

609 3075 898 3147 notatur,
945 3073 1240 3153 repertus
1283 3069 1495 3145 fuerit,
1529 3068 1708 3133 trina
1750 3068 2113 3132 monitione
2143 3091 2259 3155 per
2288 3071 2715 3158 plincipalem

621 3173 702 3237 de
766 3191 1086 3236 consensu
1155 3167 1662 3244 communitatis
1731 3167 2025 3254 legitime
2095 3176 2455 3250 moneatur,
2502 3179 2583 3238 ut
2628 3175 2715 3239 ab

619 3274 724 3338 his
786 3271 1158 3336 insolentiis
1221 3276 1291 3335 et
1351 3269 1770 3356 negligentiis
1836 3291 1905 3334 se
1968 3271 2235 3335 omnino
2311 3281 2715 3359 compescat;

617 3376 749 3461 qui,
795 3375 869 3452 si,
918 3380 1069 3460 post
1113 3373 1358 3437 trinam
1406 3372 1834 3466 monitionem
1894 3371 2354 3458 incorrigibilis
2399 3383 2717 3462 appareat

613 3484 734 3544 aut
777 3499 819 3542 a
862 3476 1195 3562 praedictis
1241 3496 1309 3539 se
1355 3474 1682 3539 abstinere
1741 3473 2126 3559 neglexerit,
2187 3476 2268 3540 de
2328 3500 2403 3542 eo
2464 3481 2713 3546 cancel-

619 3581 799 3658 lario,
847 3579 956 3642 vel
1018 3577 1161 3662 ejus
1229 3575 1682 3652 mmmissariO,
1738 3581 1809 3639 et
1869 3575 2088 3661 priori,
2160 3599 2276 3640 seu
2322 3581 2597 3658 custodi,
2647 3589 2716 3647 et

619 3679 952 3767 magistris
1000 3678 1388 3742 extrinsecis
1435 3675 1847 3762 supradictis
1892 3675 2014 3741 fiat
2058 3677 2521 3758 denunciati03
2580 3681 2713 3766 qui,

616 3783 698 3849 de
761 3781 904 3868 ejus
971 3780 1358 3856 excessibus,
1428 3784 1496 3843 et
1538 3777 1945 3862 processibus
2000 3784 2228 3844 contra
2303 3801 2454 3845 eum
2505 3782 2713 3861 factis,

618 3885 970 3950 summarie
1031 3882 1386 3958 informati,
1431 3880 1650 3965 ipsum
1717 3879 1860 3944 sine
1926 3879 2242 3945 dilatione
2288 3882 2586 3967 qualibet
2630 3885 2715 3949 ab

616 3987 826 4053 officio
903 3986 1331 4072 magistratus
1406 3987 1772 4048 amoveant.
1898 3982 2033 4063 Qui
2108 3983 2163 4046 si
2239 3985 2327 4049 ad
2399 3986 2719 4070 praedieta

619 4090 920 4156 facienda
993 4090 1218 4154 venire
1308 4085 1770 4163 recusaverint,
1848 4085 1958 4150 vel
2048 4108 2325 4172 quorum
2416 4089 2475 4153 si
2565 4091 2714 4176 quis

622 4193 902 4278 [venire]
948 4191 1251 4269 noluerit,
1297 4190 1472 4255 infra
1515 4189 1813 4254 triduum
1858 4194 2009 4274 post
2052 4188 2416 4275 legitimam
2462 4192 2715 4258 denun-
