3592 5817
805 836 846 895 8
1167 830 1562 897 Rizffls‘rmm
1609 845 2015 896 PALA‘rmUM
2062 828 2551 899 DUN'ELMENSE.

505 1048 618 1091 Λα).
633 1048 749 1103 131⁶·
810 1032 1042 1097 Petrus
1085 1032 1218 1096 fuit
1294 1037 1522 1097 contra
1588 1032 1840 1097 dictum
1886 1032 2248 1098 Hem-icum
2301 1055 2519 1120 regem
2564 1034 2639 1097 in
2680 1052 2919 1119 guerra
2942 1050 3029 1114 Δῃ.
3042 1052 3070 1095 ο
3084 1048 3171 1094 Ed.
3186 1048 3253 1095 11.

809 1135 1140 1220 praedicta.
1233 1133 1332 1197 Et.
1366 1132 1801 1218 postmodum,
1849 1132 2027 1197 idem
2074 1133 2377 1198 dominus
2424 1134 2753 1200 Henricus
2796 1156 2918 1203 rex
2972 1115 2990 1131 κ

810 1236 1194 1321 praedictam
1239 1235 1661 1299 donationem
1706 1254 1909 1311 suam,
1957 1256 2075 1319 pro
2119 1254 2188 1299 se
2234 1240 2303 1300 et
2345 1235 2716 1316 haeredibus
2761 1235 2919 1313 suis,

812 1336 1162 1413 revocavit,
1211 1340 1281 1400 et
1324 1335 1642 1401 concessit
1684 1356 1804 1420 pro
1870 1356 1939 1399 se
1984 1341 2054 1399 et
2117 1334 2489 1401 haeredibus'
2542 1337 2693 1414 suis,
2740 1335 2919 1421 quod

815 1448 978 1505 tunc
1022 1440 1361 1524 episcopus
1414 1437 1539 1502 loci
1585 1436 1887 1522 praedicti
1952 1437 2034 1501 de
2080 1437 2258 1503 dicto
2303 1439 2611 1515 maneri0‚
2656 1444 2727 1503 et
2770 1438 2917 1504 aliis

817 1542 1006 1605 terris
1053 1545 1122 1603 et
1187 1539 1582 1605 tenementis
1650 1536 1829 1601 infra
1895 1538 2111 1623 regale
2178 1560 2372 1603 suum
2441 1539 2803 1616 forisfactis,
2852 1544 2921 1603 et

815 1641 943 1705 sibi
1008 1639 1296 1717 escaetis,
1343 1640 1587 1704 faceret
1655 1637 2069 1703 voluntatem
2114 1658 2318 1717 suam,
2381 1640 2555 1706 sicut
2618 1640 2919 1704 dominus

815 1764 934 1806 rex
997 1743 1085 1807 de'
1122 1741 1503 1827 hujusmodi
1547 1740 1738 1805 terris
1808 1740 1936 1805 sibi
2004 1740 2351 1807 forisfactis
2419 1742 2581 1808 alibi
2647 1741 2805 1809 fecit
2848 1743 2921 1807 in

817 1864 1018 1929 regno
1065 1864 1198 1907 suo.
1279 1842 1369 1906 Et
1411 1842 1568 1907 inde
1613 1841 1905 1906 ostendit
1951 1846 2203 1917 cartam
2249 1842 2409 1908 dicti
2456 1843 2706 1907 domini
2751 1844 2921 1930 regis

820 1947 1108 2023 Hem-ici,
1134 1946 1205 2009 in
1227 1946 1370 2011 haec
1391 1946 1594 2011 verba
1617 1944 2067 2023 z-—Henricus‚
2088 1946 2219 2009 Dei
2248 1946 2477 2032 gratia,
2504 1968 2621 2011 rex
2643 1946 2919 2031 Angliae‚

821 2048 1124 2113 dominus
1169 2046 1524 2123 Hiberniae,
1572 2050 1642 2110 et
1686 2046 1827 2131 dux
1872 2047 2269 2131 Aquitaniae‚
2300 2048 2603 2113 omnibus
2644 2047 2731 2112 ad
2760 2066 2922 2131 quos

821 2154 1178 2233 praesentes
1203 2146 1414 2211 literae
1458 2148 1895 2232 pervenerint,
1927 2147 2221 2213 salutem.
2316 2147 2485 2212 Cum
2517 2169 2742 2234 nuper,
2774 2154 2923 2233 post

819 2250 1198 2315 conflictum
1243 2248 1546 2314 habitum
1598 2248 1776 2334 apud
1824 2248 2167 2326 Evesham,
2214 2248 2295 2313 de
2342 2249 2609 2314 consilio
2654 2234 2920 2335 magna-

821 2358 966 2416 tum
1036 2358 1104 2417 et
1166 2352 1488 2416 fidelium·
1523 2357 1908 2429 nostrorum,
1965 2352 2266 2436 quaedam
2342 2358 2534 2418 terrae
2605 2358 2675 2417 et
2742 2356 2922 2417 fisne-

822 2460 1046 2519 menta
1073 2454 1486 2519 inimicorum
1533 2460 1602 2518 et
1646 2454 1986 2519 rebellium
2016 2462 2389 2519 nostrorum
2432 2455 2503 2520 in
2549 2454 2923 2520 turbatione

823 2554 1056 2620 habita
1107 2556 1180 2619 in
1223 2576 1424 2640 regno
1487 2560 1725 2632 nostr0‚
1797 2578 1915 2640 per
1977 2554 2203 2620 fideles
2254 2562 2511 2621 nostros
2580 2555 2925 2641 praedictos

823 2662 1140 2741 occupata
1193 2660 1261 2719 et
1291 2656 1530 2732 scisita,
1577 2656 1650 2719 in
1703 2656 2137 2741 parliamento
2190 2660 2415 2721 nostro
2468 2656 2800 2741 Wynton',
2847 2661 2927 2719 ut

823 2756 1011 2821 nobis
1063 2756 1408 2833 forisfacta,
1475 2757 1546 2819 in
1599 2778 1869 2831 manum
1938 2762 2231 2823 nostram
2299 2758 2560 2822 reddita
2629 2757 2922 2833 fuissent,

825 2863 892 2921 et
943 2878 1061 2921 nos
1095 2857 1525 2942 postmodum
1589 2859 1956 2922 manerium
2020 2859 2100 2923 de
2150 2858 2481 2935 Gretham,
2553 2859 2728 2942 quod
2796 2858 2927 2923 fuit

823 2958 1003 3023 Petri
1050 2959 1130 3025 de
1177 2958 1404 3023 Monte
1450 2958 1649 3036 Porti,
1695 2960 1949 3025 inimici
1992 2962 2217 3037 nostri,
2251 2961 2426 3045 quod
2472 2966 2573 3024 est
2615 2960 2688 3023 in
2731 2959 2925 3024 liber-

823 3067 962 3125 tate
1009 3062 1294 3146 episcopi
1325 3060 1789 3125 Dunolmcnsis
1824 3062 1904 3125 de
1934 3062 2397 3139 Aliwarcfolk’,
2430 3062 2928 3128 contulissemus
2977 3060 2993 3068 ’

825 3160 1063 3226 dilecto
1132 3167 1201 3225 et
1266 3160 1447 3225 fideli
1513 3165 1752 3238 nostro,
1824 3160 2095 3225 Thomae
2163 3162 2245 3227 de
2314 3160 2519 3238 Clare,
2594 3162 2928 3227 credentes

824 3261 1201 3347 hujusmodi
1247 3261 1657 3327 collationem
1724 3250 1843 3326 nos
1888 3262 2061 3326 infra
2113 3262 2485 3327 libertatem
2530 3263 2927 3348 praedictam,

825 3365 995 3429 sicut
1024 3364 1185 3428 alibi
1213 3363 1287 3427 in
1316 3384 1520 3448 regno
1561 3368 1801 3439 nostro,
1849 3363 2056 3428 facere
2102 3385 2325 3449 posse3
2368 3386 2459 3441 ac,
2506 3365 2592 3429 ad
2637 3364 2929 3433 insinua-

822 3466 1070 3530 tionem
1117 3464 1417 3550 praedicti
1446 3464 1747 3549 episcopi,
1781 3469 1851 3528 et
1878 3464 2157 3528 aliorum
2203 3464 2496 3529 fidelium
2542 3471 2927 3547 nostrorum,

825 3573 894 3631 et
959 3569 1161 3631 etiam
1215 3588 1333 3652 per
1401 3566 1744 3632 consilium
1808 3571 2123 3644 nostrum,
2172 3565 2706 3653 intellexerimus
2754 3556 2931 3652 quod

826 3669 1208 3763 praedictam
1253 3665 1664 3733 collationem
1731 3667 1942 3732 facere
1988 3689 2120 3732 non
2181 3689 2531 3753 possemus,
2578 3670 2719 3733 sine
2764 3690 2928 3754 pree-

827 3770 988 3833 dicti
1036 3770 1319 3854 episcopi
1367 3774 1437 3835 et
1499 3769 1785 3833 ecclesiae
1856 3790 1992 3833 suae-
2045 3768 2443 3854 praejudiciO,
2492 3776 2563 3834 et
2603 3770 2929 3835 libertatis

827 3870 1160 3956 proedictae
1206 3869 1484 3947 laesione,
1531 3872 1603 3933 in
1648 3891 1780 3955 qua
1826 3870 2090 3954 quidem
2136 3870 2442 3935 libertate
2486 3872 2642 3956 jura
2686 3872 2932 3958 regalia
2969 3908 2981 3917 ν

828 3973 1067 4038 habet:
1147 3972 1302 4049 NOS,
1351 3972 1703 4055 unicuique
1741 3971 2076 4056 justitiam
2141 3971 2366 4049 facere,
2433 3978 2501 4037 et
2555 3972 2668 4058 jus
2736 3995 2929 4039 suum

829 4072 1114 4141 tribuere
1184 4074 1494 4159 volentes
1556 4079 1635 4137 ut
1699 4078 2004 4138 tenemur
2071 4073 2451 4158 praedictam
2517 4074 2927 4151 collationem

829 4182 1133 4252 nostram,
1166 4197 1284 4260 per
1313 4194 1432 4239 nos
1463 4175 1722 4252 factam,
1755 4195 1873 4260 pro
1903 4174 2093 4239 nobis
2140 4180 2209 4240 et
2252 4174 2623 4251 haeredibus
2667 4178 2924 4255 nostris,

831 4278 1092 4363 penitus
1137 4298 1552 4343 revocamus:
1599 4277 1895 4341 volentes
1942 4283 2011 4341 et
2078 4257 2518 4366 concedentes
2574 4298 2693 4363 pro
2735 4279 2925 4343 nobis

826 4386 898 4444 et
971 4380 1340 4445 haeredibus
1415 4378 1670 4453 nostris
1749 4380 1923 4462 quod
2000 4380 2352 4464 praedictus
2428 4380 2764 4465 episcopus
2836 4381 2924 4445 ‘de

829 4482 1118 4546 manerio
1187 4481 1515 4567 praedictO,
1565 4486 1634 4573 et
1701 4479 1849 4544 aliis
1902 4481 2094 4545 terris
2158 4487 2227 4545 et
2292 4481 2686 4545 tenementis
2754 4481 2929 4547 infra

831 4582 1042 4665 regale
1075 4602 1266 4645 suum
1296 4582 1686 4667 praedictum
1727 4581 2091 4659 forisfactis,
2140 4587 2209 4646 et
2252 4582 2377 4645 sibi
2408 4582 2694 4659 eseaetiS,
2727 4582 2929 4650 faciat

829 4680 1239 4746 voluntatem
1285 4704 1487 4761 suam,
1535 4682 1708 4751 sicut
1749 4702 1869 4748 nos
1929 4682 2010 4747 de
2078 4681 2453 4767 hujusmodi
2500 4684 2693 4769 terris
2717 4685 2927 4753 =nobis
