3592 5817
973 905 1367 956 Rmts'muu
1414 903 1816 954 PALATmuM
1863 903 2346 954 nuusmfflusn
2583 887 2709 948 221

618 1089 860 1165 essetis,
890 1109 1040 1154 cum
1086 1087 1430 1166 EdwardO,
1462 1087 1627 1152 duce
1673 1086 2025 1152 Cornubiae
2057 1091 2126 1151 et
2155 1086 2391 1150 comite
2423 1085 2713 1160 Cestriae,
2773 1099 3018 1146 1111339.

616 1170 755 1254 filio
798 1196 1021 1254 nostro
1067 1187 1415 1266 carissime,
1461 1209 1657 1272 quem
1703 1187 2040 1253 custodem
2085 1187 2248 1253 dicti
2293 1188 2477 1273 regni
2507 1185 2717 1252 nostri

618 1289 1096 1368 constituimus,
1168 1295 1236 1354 et
1304 1310 1453 1355 cum
1503 1287 1755 1354 caeteris
1825 1288 2130 1372 praelatiS,
2199 1288 2588 1373 proceribus„
2651 1292 2720 1352 et

618 1393 1038 1478 magnatibus
1102 1391 1451 1478 praedictis,
1522 1411 1717 1475 super
1784 1389 1979 1455 dictis
2025 1391 2306 1476 negotiis
2353 1390 2720 1466 tractaturi,

620 1499 1043 1578 vestrumque
1138 1491 1485 1558 consilium
1560 1491 1939 1576 impensuri.
2062 1491 2152 1556 Et
2227 1493 2384 1577 quia
2455 1491 2724 1577 negotia
2833 1559 2854 1578 ,

621 1595 938 1680 praedicta
981 1593 1413 1660 salvationem
1445 1591 1607 1658 dicti
1653 1592 1842 1677 regni
1887 1599 1956 1657 et
1986 1592 2291 1659 Ecclesiae
2338 1593 2614 1670 Sanctae,
2647 1613 2724 1658 ac

574 1757 577 1769 ,
624 1695 1077 1759 universorum
1124 1699 1195 1759 et
1238 1694 1644 1780 singulorum
1690 1694 1897 1780 ipsius
1941 1695 2143 1779 regni,
2175 1693 2543 1779 specialiter
2572 1713 2721 1760 con-

586 1865 601 1872 „
625 1796 995 1872 cernebant,
1040 1795 1571 1860 mandaverimus
1616 1816 1750 1872 vos,
1798 1801 2103 1880 rogantes
2149 1797 2325 1880 quod
2368 1795 2722 1880 praemuni-

626 1898 786 1962 retis
816 1897 1136 1962 decanum
1182 1901 1253 1960 et
1298 1895 1662 1981 capitulum
1694 1895 1983 1961 ecclesiae
2013 1903 2250 1962 vestrae
2283 1896 2512 1963 Sancti
2543 1897 2722 1962 Petri

631 1999 1073 2075 Eboracensis‚
1120 2019 1197 2064 ac
1240 1997 1747 2072 archidiaconos,
1794 2003 2147 2084 totumque
2191 1998 2437 2064 clerum
2483 2005 2723 2064 vestrae

627 2099 939 2176 dioecesiS,
986 2099 1163 2184 quod
1207 2099 1411 2163 iidem
1457 2098 1742 2163 decanus
1774 2104 1844 2162 et
1872 2098 2314 2166 archidiaconi
2343 2099 2416 2164 in
2446 2100 2725 2185 propriis

540 2285 550 2294 .
627 2202 919 2286 personis
964 2201 1119 2278 suis,
1165 2221 1243 2266 ac
1273 2201 1526 2266 dictum
1573 2199 1940 2286 capitulum
1986 2222 2104 2285 per
2147 2223 2374 2278 unum,
2421 2202 2727 2288 idemque

628 2302 838 2367 clerus
883 2323 1001 2388 per
1044 2302 1225 2378 duos,
1272 2306 1724 2388 procuratores
1770 2302 2056 2378 idoneos,
2104 2301 2368 2389 plenam
2435 2309 2506 2368 et
2544 2302 2726 2370 suffi-

628 2405 913 2471 cientem
956 2409 1354 2490 potestatem
1399 2404 1486 2468 ab
1530 2403 1673 2489 ipso
1719 2404 2011 2488 capitulo
2055 2409 2126 2469 et
2168 2405 2339 2470 clero
2391 2403 2725 2482 habenteS,

629 2505 823 2570 dictis
884 2505 993 2568 die
1060 2509 1131 2570 et
1194 2504 1337 2571 loco
1412 2504 1806 2570 interessent
1849 2505 1936 2568 ad
1999 2505 2418 2571 tractandum
2464 2511 2534 2571 et
2577 2526 2728 2572 con-

628 2606 978 2672 sulendum
1008 2627 1204 2692 super
1232 2606 1603 2691 praemissis,
1634 2627 1771 2670 una
1798 2607 2137 2672 vobiscum
2183 2612 2252 2686 et
2293 2606 2442 2672 aliis
2465 2629 2582 2692 per
2609 2629 2728 2684 nos

630 2708 789 2774 illuc
817 2714 980 2773 tunc
1008 2706 1367 2783 mittendis,
1401 2712 1470 2771 et
1513 2707 1599 2772 ad
1642 2705 2184 2774 consentiendum
2227 2707 2358 2772 hiis
2389 2729 2538 2794 quae
2567 2714 2731 2775 tunc

632 2808 893 2887 ibidem,
956 2830 1075 2894 pro
1128 2807 1460 2874 communi
1536 2807 1912 2873 defensione
1987 2813 2056 2875 et
2132 2808 2438 2888 utilitate,
2501 2809 2733 2876 divina

628 2910 893 2976 favente
916 2910 1280 2987 clementia,
1300 2909 1709 2994 contingeret
1738 2910 2043 2974 ordinari.
2087 2909 2343 2976 Verum
2365 2913 2536 2996 quia,
2561 2918 2729 2980 trac-

632 3017 783 3076 tatu
826 3011 1099 3096 aliquali
1162 3032 1358 3098 super
1419 3011 1774 3095 praemissis
1842 3011 2091 3076 ibidem
2136 3011 2380 3092 habito,
2429 3013 2730 3099 quaedam

632 3112 1065 3178 salvationem
1141 3117 1213 3176 et
1255 3111 1569 3176 honorem
1640 3111 1967 3177 dictorum
2031 3112 2218 3198 regni
2284 3120 2356 3179 et
2424 3115 2731 3182 Ecclesiae

487 3269 500 3279 .
628 3215 1100 3291 concernentia,
1144 3219 1414 3300 propter
1458 3213 1856 3278 instantium
1901 3215 2212 3278 messium
2257 3218 2728 3293 necessitatem,

632 3322 703 3381 et
745 3315 895 3380 aliis
924 3316 1005 3380 de
1052 3315 1265 3380 causis
1309 3315 1948 3402 supervenientibus,
1991 3315 2210 3382 adhuc
2253 3317 2620 3382 ordinanda
2663 3323 2734 3384 et

631 3417 979 3483 tractanda
1052 3414 1400 3500 supersint,
1478 3415 1667 3480 vobis
1742 3415 2152 3493 mandamuS‚
2229 3439 2348 3482 vos
2407 3425 2730 3504 roganteS,

633 3519 811 3604 quod
884 3517 1231 3603 episcopos,
1278 3516 1599 3601 praelatOS,
1654 3521 1723 3580 et
1766 3515 2028 3593 clerum,
2075 3522 2312 3584 vestrae
2356 3521 2730 3607 provinciae,

633 3620 814 3706 apud
860 3620 1107 3685 dictam
1151 3617 1489 3682 ecclesiam
1521 3614 1751 3681 Sancti
1782 3616 1981 3694 Petri,
2005 3617 2298 3696 Eboraci,
2329 3620 2403 3684 in
2447 3623 2732 3690 erastino

642 3719 871 3786 Sancti
948 3719 1255 3784 Matthaei
1329 3716 1631 3803 Apostoli
1708 3707 2009 3804 proximo
2083 3719 2326 3799 futuro,
2390 3726 2734 3790 convocari

638 3821 935 3898 faciatis3
996 3820 1095 3885 ita
1161 3819 1336 3904 quod
1402 3823 1539 3884 tam
1587 3819 1749 3883 dicti
1794 3819 2096 3906 episcopi,
2143 3843 2342 3907 quam
2388 3825 2619 3892 decani
2664 3831 2735 3891 et

638 3921 885 4008 priores
946 3919 1420 3988 cathedralium
1496 3920 1930 4000 ecclesiarum,
2009 3928 2078 3988 et
2137 3925 2594 4004 archidiaconi,
2657 3949 2735 3994 ac

640 4025 927 4100 abbates,
976 4023 1267 4108 enempti
1330 4029 1400 4088 et
1443 4044 1577 4088 non
1622 4024 1933 4108 exempti,
1979 4044 2141 4109 quos
2195 4027 2505 4113 expedire
2547 4029 2732 4094 vide-

640 4125 805 4202 ritis,
882 4129 953 4189 et
1018 4123 1360 4209 quodlibet
1448 4123 1815 4210 ‘capitulum
1894 4126 2220 4192 dictarum
2319 4128 2536 4194 ecclesi
2544 4149 2733 4195 arum

643 4224 1119 4294 cathedralium
1182 4247 1299 4310 per
1342 4246 1567 4302 unum,
1615 4230 1683 4290 et
1747 4225 1960 4292 clerus
2025 4227 2378 4312 cujuslibet
2436 4231 2734 4298 dioecesis
2804 4270 2812 4276 ·

648 4350 766 4415 per
810 4328 991 4405 duos,
1037 4331 1486 4414 procuratores
1530 4328 1817 4403 idoneos,
1863 4327 2292 4394 sufficientem
2337 4337 2734 4417 potestatem

651 4430 987 4508 habenteS,
1017 4429 1198 4515 apud
1242 4427 1489 4520 dictam
1534 4427 1872 4495 ecclesiam
1917 4427 2149 4496 Sancti
2180 4431 2360 4498 Petri
2405 4433 2732 4514 intersint,

646 4534 721 4597 in
763 4532 1079 4618 praedicto
1124 4532 1409 4598 crastino
1478 4530 1707 4597 Sancti
1774 4531 2096 4609 Matthaei,
2142 4533 2230 4602 ad
2296 4537 2731 4618 tractandum,

648 4634 1121 4702 consulendum
1165 4640 1237 4699 et
1280 4633 1734 4711 ordinandum,
1782 4654 1980 4719 super
2023 4636 2390 4720 praemissis,
2438 4661 2576 4706 una
2617 4663 2732 4707 vo·
2815 4683 2825 4691 -

543 4759 551 4764 ·
641 4733 895 4802 hiscum
926 4741 995 4802 et
1022 4735 1170 4802 aliis
1215 4756 1332 4822 per
1374 4757 1495 4802 nos
1538 4733 1698 4802 illuc
1740 4740 1903 4804 tunc
1945 4736 2307 4816 mittendis
2339 4745 2408 4807 et
2451 4741 2538 4810 ad
2583 4763 2735 4812 oon-
