3592 5817
875 834 1005 898 392
1236 848 1631 900 namsi-nuit
1676 848 2082 898 PALATINUM
2129 850 2618 899 DUNELMENSE.

562 1050 673 1095 As).
688 1053 803 1095 1840.
873 1053 1211 1112 cameram,
1280 1056 1479 1119 quam
1544 1035 1785 1120 aliquis
1853 1035 1936 1099 de
2001 1033 2404 1100 scholaribus
2478 1034 2827 1121 praedictis,
2895 1038 2982 1095 ut

878 1136 1174 1222 superius
1244 1136 1576 1201 decretum
1646 1141 1761 1213 est,
1809 1135 2187 1221 perceperit,
2232 1158 2350 1221 pro
2418 1140 2712 1221 tempore
2775 1153 2980 1197 morae

876 1258 1013 1300 suae
1066 1237 1137 1301 in
1185 1237 1363 1302 dicta
1414 1238 1605 1302 domo
1652 1236 2064 1322 integraliter
2125 1242 2565 1323 percepturus,
2661 1238 2871 1317 Quem
2915 1233 2974 1298 si

878 1338 1142 1423 publica
1206 1339 1641 1425 turpitudinis
1702 1344 1865 1403 nota
1916 1337 2292 1417 involverit,
2337 1344 2538 1424 prout
2587 1340 2684 1403 'de
2752 1336 2974 1421 aliquo

877 1438 1214 1516 sociorum,
1265 1440 1481 1524 quoad
1528 1440 1667 1525 ejus
1734 1440 2225 1526 correptionem,
2273 1441 2750 1516 correctionem,
2800 1443 2869 1503 et
2933 1457 2978 1501 a

879 1539 1058 1605 dicta
1101 1542 1293 1606 domo
1338 1540 1603 1606 finalem
1648 1540 2118 1627 expulsionem,
2163 1562 2418 1607 necnon
2462 1542 2794 1608 occasione
2838 1559 2976 1604 suae

876 1642 1226 1707 amotionis
1258 1644 1597 1719 actionem,
1628 1648 1885 1707 statuta
1931 1643 2012 1707 de
2052 1644 2224 1709 socio
2269 1643 2379 1708 vel
2419 1644 2610 1709 sociis
2657 1641 2975 1728 ejiciendo

880 1746 989 1809 vel
1018 1744 1353 1829 ejiciendis
1398 1744 1795 1830 praescripta,
1843 1744 1986 1809 sine
2029 1745 2547 1811 contradictione
2591 1746 2738 1822 mei,
2769 1745 2974 1809 haere-

884 1844 1044 1907 dum
1072 1866 1381 1922 meorum,
1406 1866 1522 1910 seu
1552 1844 1996 1930 cujuscunque
2027 1844 2298 1909 alterius
2329 1845 2529 1910 titulo
2551 1845 2661 1911 vel
2689 1844 2972 1919 nomine,

877 1946 1169 2011 strictius
1204 1947 1648 2011 observentur.
1744 1946 1890 2025 Quo
1936 1945 2144 2031 ejecto
2187 1945 2297 2011 vel
2342 1948 2709 2025 decedente,
2755 1948 2812 2011 si
2855 1966 2978 2011 nec

882 2067 999 2131 per
1042 2069 1161 2124 me,
1200 2069 1319 2113 nec
1370 2070 1489 2133 per
1538 2047 1830 2113 haeredes
1878 2069 2071 2125 meos,
2104 2048 2274 2113 alius
2320 2048 2516 2114 dictae
2562 2048 2802 2126 domui,
2833 2048 2974 2113 loco

876 2145 1070 2223 illius,
1102 2146 1275 2212 infra
1303 2170 1593 2213 mensem
1625 2153 1975 2233 postquam
2005 2148 2195 2214 nobis
2240 2150 2321 2214 de
2367 2150 2510 2236 ejus
2539 2171 2794 2215 recessu
2823 2170 2972 2215 con·

878 2248 1140 2326 stiterit,
1172 2255 1608 2335 praesentetur
1636 2250 1722 2315 ad
1752 2250 2100 2335 praedictos
2130 2250 2522 2337 magistrum
2553 2257 2623 2316 et
2653 2251 2973 2317 scholares

876 2349 1071 2415 diotae
1134 2351 1381 2430 domus,
1446 2350 1766 2437 capellani
1814 2351 2212 2429 electionem,
2260 2353 2820 2439 quotienscunque
2881 2353 2975 2418 sic

868 2452 1377 2539 contingentem,
1408 2453 1813 2518 solummodo
1843 2458 2134 2539 spectare
2179 2454 2495 2540 dispono;
2537 2456 2656 2539 qui
2717 2453 2974 2531 electus,

874 2561 1074 2640 prout
1132 2555 1525 2641 praedicitur,
1590 2555 1959 2621 celebrabit.
2055 2554 2144 2619 Et
2201 2555 2258 2619 si
2307 2578 2502 2640 quem
2547 2555 2974 2641 capellanum,

876 2679 992 2743 per
1036 2678 1141 2721 me
1204 2661 1694 2742 praesentatum,
1757 2655 1868 2721 vel
1929 2678 2047 2742 per
2107 2678 2213 2721 me
2281 2656 2392 2721 vel
2440 2657 2733 2722 haeredes
2797 2678 2973 2721 meos

876 2760 1426 2844 praesentandum,
1474 2780 1589 2823 seu
1635 2780 1751 2844 per
1809 2758 2156 2843 praedictos
2217 2759 2606 2845 magistrum
2668 2764 2738 2824 et
2789 2758 2972 2824 scho-

874 2859 1041 2925 lares
1094 2858 1485 2945 eligendum,
1530 2859 1615 2924 ad
1660 2859 1935 2924 servitia
1979 2859 2209 2925 divina
2251 2860 2315 2925 ei
2359 2861 2809 2927 incumbentia
2859 2860 2974 2926 ad-

874 2959 1300 3046 implendum,
1356 2982 1440 3024 ex
1510 2980 1900 3045 quacunque
1969 2981 2178 3037 causa,
2226 2965 2422 3046 aptus
2487 2984 2622 3026 non
2674 2962 2888 3039 fuerit,
2935 2982 2978 3027 a

876 3061 1057 3127 dicta
1108 3061 1319 3138 dom0,
1367 3066 1437 3126 et
1505 3060 1914 3126 exhibitione
1961 3061 2270 3146 ejusdem,
2331 3062 2622 3128 amoveri
2686 3062 2975 3148 dispon0,

876 3168 948 3228 et
1014 3162 1221 3227 alium
1288 3161 1427 3227 loco
1492 3161 1649 3246 ejus,
1714 3161 1940 3239 forma,
1986 3166 2066 3227 ut
2131 3162 2526 3249 praedicitur,
2595 3161 2977 3249 subrogari.¹

882 3263 1279 3350 Capelianus
1323 3283 1480 3327 vero
1541 3283 1659 3348 pro
1703 3284 1809 3327 me
1855 3268 1925 3328 et
1989 3285 2230 3349 sponsa
2273 3286 2434 3343 mea,
2481 3265 2777 3350 quandiu
2829 3266 2978 3329 vix-

878 3366 1145 3443 erimus,
1192 3364 1265 3427 in
1310 3364 1489 3429 omni
1558 3363 1665 3428 die
1710 3363 1940 3427 Trium
1985 3364 2386 3444 Lectionum,
2433 3372 2871 3452 praeterquam
2936 3387 2979 3432 a

884 3467 1137 3534 Pascha
1180 3487 1387 3551 usque
1433 3465 1519 3529 ad
1563 3465 1807 3529 festum
1854 3465 2115 3531 Sanctae
2161 3466 2522 3546 TrinitatiS,
2569 3470 2818 3535 utendo
2863 3468 2977 3534 illo

880 3570 1240 3636 Officio—“
1260 3567 1453 3633 Salus
1484 3566 1763 3653 populi,'’
1796 3588 1946 3632 cum
1977 3567 2240 3653 propria
2270 3568 2576 3647 Collecta,
2597 3570 2872 3648 Secreto,
2905 3576 2975 3636 et

878 3668 1564 3744 Post-Communione‚
1590 3667 1802 3731 eidem
1829 3667 2056 3734 Officio
2087 3670 2584 3755 pertinentibuS,
2603 3671 2972 3737 celebrabit.

878 3771 963 3835 In
999 3769 1149 3835 aliis
1178 3790 1334 3833 vero
1365 3768 1551 3832 festis
1583 3768 1845 3833 Novem
1876 3768 2276 3848 Lectionum,
2309 3776 2379 3835 et
2408 3771 2794 3857 duplicibus,
2825 3794 2972 3838 nec-

874 3894 1009 3937 non
1044 3872 1118 3935 in
1163 3869 1348 3935 festis
1394 3870 1577 3956 prius
1622 3870 1917 3956 exceptis
1962 3872 2042 3935 de
2088 3871 2235 3936 aliis
2282 3871 2557 3951 Sanctis,
2603 3879 2804 3961 prout
2847 3875 2972 3941 sibi

873 3973 1213 4039 videbitur
1242 3977 1703 4057 opportunum,
1735 3972 1948 4037 eidem
1978 3972 2174 4039 liceat
2203 3973 2537 4039 celebrare.
2601 3975 2686 4039 In
2715 3977 2970 4061 quibus,

871 4076 1003 4141 nisi
1034 4074 1243 4161 magis
1290 4073 1539 4159 duplex
1569 4073 1813 4138 festum
1855 4074 2074 4152 fuerit,
2105 4079 2257 4163 post
2285 4076 2564 4161 primam
2597 4077 2968 4157 Collectam,

872 4178 1230 4245 Collectam
1276 4176 1454 4242 dicat
1498 4176 1858 4262 specialem,
1889 4182 1960 4241 et
2003 4176 2076 4241 in
2106 4200 2224 4243 suo
2255 4178 2587 4244 Memento
2632 4202 2750 4295 pro
2779 4182 2968 4247 nobis

870 4279 1237 4367 specialiter
1280 4284 1351 4343 et
1412 4278 1647 4343 devote
1694 4284 1936 4342 exoret.
2023 4276 2098 4343 Si
2156 4285 2381 4343 autem
2445 4300 2549 4345 me
2595 4281 2776 4346 viam
2821 4283 2968 4347 uni-

870 4382 1044 4447 versi
1106 4380 1320 4447 carnis
1394 4379 1651 4465 ingredi
1717 4380 2074 4467 contingat,
2150 4404 2387 4467 sponsa
2459 4404 2608 4449 mea
2679 4384 2966 4464 vivente,

934 4643 951 4676 ¹
986 4642 1257 4693 celebrabit
1294 4650 1341 4692 et
1378 4644 1427 4693 εἰ
1464 4658 1603 4706 quem
1642 4639 1951 4706 capellanum
1985 4602 2222 4706 precedes
2245 4643 2348 4694 this
2370 4647 2526 4708 word,
2547 4644 2672 4696 with
2694 4660 2727 4696 a
2749 4661 2847 4711 pen
2869 4662 2966 4698 run

863 4722 1083 4787 through
1104 4720 1159 4771 it.
