3592 5817
766 885 852 947 28
1127 896 1523 947 sammon
1570 896 1974 947 ramrmtm
2020 894 2505 946 nui-mrumst.

467 1094 582 1143 sm.
595 1094 712 1141 18⁰³.
764 1081 896 1148 atis
941 1080 1014 1145 in
1056 1102 1327 1145 manum
1371 1085 1679 1159 nostram,
1727 1086 1797 1147 et
1842 1102 1920 1147 ea
1964 1080 2149 1146 salvo
2207 1080 2525 1147 custodiri
2569 1080 2829 1146 faciatis
2851 1101 2868 1159 ;
2894 1094 3044 1140 Amas
3061 1092 3201 1139 mr.

765 1183 866 1249 ita
928 1183 1105 1269 quod
1167 1184 1249 1248 de
1316 1184 1606 1249 exitibus
1673 1182 1831 1247 inde
1897 1183 2437 1268 provenientibus
2506 1183 2697 1248 nobis
2764 1204 2865 1249 re-

767 1285 1170 1372 spondeatur
1229 1285 1316 1350 ad
1385 1283 1798 1353 Scaccarium
1843 1290 2183 1363 nostrum;
2250 1289 2318 1349 et
2362 1284 2862 1369 inquisitionem

769 1386 1168 1473 praedictam,
1217 1385 1527 1451 distincte
1595 1390 1664 1450 et
1725 1390 1951 1471 aperte
1996 1384 2254 1466 factam,
2316 1406 2453 1449 una
2510 1406 2661 1450 cum
2722 1391 2865 1450 toto

769 1487 943 1555 facto
987 1493 1222 1564 vestm,
1269 1487 1343 1551 in
1393 1486 1517 1553 hac
1562 1492 1766 1573 parte,
1813 1486 2019 1563 nobis,
2066 1486 2193 1551 sub
2235 1486 2453 1571 sigillo
2498 1492 2735 1564 vestm,
2798 1493 2867 1552 et

766 1589 1002 1675 sigillis
1047 1609 1270 1653 eorum
1313 1609 1432 1673 per
1477 1608 1638 1673 quos
1683 1587 2028 1673 inquisitio
2072 1586 2190 1652 illa
2232 1586 2407 1651 facta
2450 1586 2667 1665 fuerit,
2714 1587 2867 1652 mit-

769 1690 947 1766 tatis,
1017 1695 1087 1754 et
1152 1689 1275 1754 hoc
1336 1690 1570 1755 breve·
1555 1740 1572 1767 ,
1645 1689 1747 1753 ita
1813 1688 1993 1774 quod
2059 1709 2138 1753 ea
2202 1687 2578 1766 habeamus,
2649 1710 2867 1755 coram

764 1791 954 1857 nobis
984 1796 1054 1855 et
1097 1790 1365 1857 consilio
1405 1796 1644 1867 nostro,
1675 1791 1764 1856 ad
1807 1790 2317 1877 parliamentum
2346 1796 2661 1868 nostrum,
2692 1792 2870 1877 quod

766 1893 840 1957 in
882 1892 1152 1959 Octabis
1183 1892 1413 1958 Sancti
1457 1892 1743 1968 Hillarii,
1775 1892 2079 1977 proximo
2123 1892 2382 1970 futuris,
2416 1914 2657 1970 sumus,
2690 1894 2869 1980 apud

767 1993 1156 2072 Karliolum,
1219 1994 1529 2060 habituri.
1652 1993 1849 2061 Teste
1914 1994 2182 2080 meips0,
2250 1996 2431 2081 apud
2496 1995 2865 2073 Laneroost,

763 2101 1002 2181 quarto
1077 2096 1184 2161 die
1260 2096 1672 2173 Novembris,
1733 2116 1911 2161 anno
1969 2096 2161 2182 regni
2212 2097 2421 2161 nostri
2480 2098 2868 2184 xxxiiijo.—
2988 2110 2995 2119 ’

767 2195 1108 2263 Praetextu
1153 2198 1338 2282 cujus
1383 2197 1618 2273 brevis,
1665 2200 1861 2283 capta
1904 2196 2037 2263 fuit
2079 2197 2423 2283 inquisitio
2482 2199 2662 2285 apud
2709 2199 2865 2266 Oas-

767 2302 946 2363 trum
976 2298 1310 2375 Ber-nardi,
1343 2298 1464 2383 xjo.
1511 2298 1621 2363 die
1664 2297 2061 2377 DecembriS,
2094 2320 2269 2365 anno
2298 2299 2486 2385 regni
2516 2300 2689 2385 regis
2734 2300 2865 2365 Ed-

767 2398 992 2475 wardi,
1024 2398 1147 2462 filii
1193 2398 1364 2485 regis
1410 2397 1702 2475 Henrici,
1733 2412 1990 2478 xxxv0.‚
2022 2418 2242 2465 coram
2271 2400 2547 2485 praefato
2578 2400 2865 2467 Roberto

767 2502 850 2567 de
868 2500 1175 2578 Glifford',
1201 2500 1468 2567 custode
1492 2499 1821 2566 libertatis
1851 2501 2200 2587 praedictae,
2225 2502 2299 2565 in
2328 2502 2680 2586 praesentia
2700 2522 2866 2588 prae-

767 2602 891 2669 fati
935 2600 1218 2667 Galsridi
1263 2602 1346 2666 de
1391 2601 1770 2689 Hertelpol’,
1816 2602 2167 2667 servientis
2212 2602 2465 2667 domini
2508 2603 2697 2690 regis,
2751 2624 2869 2689 per

769 2702 986 2769 Adam
1037 2703 1122 2768 de
1165 2702 1555 2787 Hindeleye,
1602 2702 2014 2767 Willelmum
2058 2703 2143 2767 de
2185 2702 2471 2781 Alwent,
2495 2703 2866 2769 Walterum

767 2804 853 2869 de
897 2803 1329 2889 Lutrington',
1361 2803 1728 2869 Robertum
1757 2803 1842 2868 de
1871 2804 2337 2883 Amundevill’,
2370 2803 2741 2870 Walterum
2784 2807 2867 2871 de

768 2905 1069 2983 Denton',
1115 2904 1482 2971 Walterum
1525 2905 1741 2971 filium
1786 2906 1834 2970 J
1834 2904 2130 2983 ohannis,
2164 2906 2595 2971 Laurentium
2643 2906 2866 2993 Gody-

767 3006 979 3098 nogh’,
1025 3006 1390 3073 Henricum
1459 3007 1805 3085 Oissorem,
1852 3006 2262 3073 Willelmum
2325 3008 2387 3073 le
2454 3008 2651 3086 Bous,
2698 3009 2865 3074 Wil-

766 3108 1036 3174 lelmum
1099 3108 1180 3173 de
1250 3107 1605 3186 Houeden’,
1653 3107 2061 3173 Willelmum
2129 3109 2314 3175 Belle
2380 3116 2449 3175 et
2516 3110 2863 3177 Warinum

769 3210 1226 3287 Forestarium,
1267 3210 1526 3295 juratos
1573 3216 1642 3275 et
1686 3210 2098 3276 examinatos
2128 3232 2325 3297 super
2353 3213 2659 3281 omnibus
2701 3213 2864 3279 arti-

769 3312 936 3379 culis
987 3313 1286 3399 superius
1353 3312 1428 3377 in
1493 3309 1682 3377 brevi
1727 3312 2072 3379 contentis.
2196 3312 2327 3393 Qui
2374 3313 2621 3391 dicunt,
2667 3336 2865 3402 super

767 3419 1246 3479 sacramentum
1290 3434 1502 3491 suum,
1549 3412 1727 3498 quod
1771 3413 2128 3499 praedictus
2172 3412 2219 3479 J
2219 3414 2508 3480 ohannes
2569 3416 2653 3481 de
2712 3414 2866 3483 Bal-

767 3514 924 3581 liolo
967 3514 1188 3580 tenuit
1215 3515 1396 3581 dicta
1423 3515 1762 3581 baroniam
1808 3521 1879 3580 et
1907 3520 2214 3593 castrum,
2244 3537 2396 3582 cum
2424 3518 2863 3603 pertinentiis»,

770 3616 845 3681 in
905 3616 1232 3682 dominico
1284 3638 1405 3682 suo
1467 3622 1548 3681 ut
1609 3616 1692 3681 de
1757 3616 1966 3694 feodo,
2014 3616 2087 3680 in
2131 3616 2309 3682 dicto
2366 3618 2537 3683 festo
2598 3618 2863 3684 Natalis

765 3736 943 3783 anno
985 3717 1172 3803 regni
1217 3717 1387 3803 regis
1433 3716 1746 3781 Edwardi
1791 3717 2106 3783 vicesimo
2158 3718 2457 3796 secundo,
2506 3725 2575 3785 et
2618 3726 2865 3806 postea,

769 3817 1071 3903 quaedam
1116 3823 1322 3883 terras
1391 3823 1459 3883 et
1517 3824 1902 3883 tenementa
1960 3818 2043 3885 de
2103 3819 2283 3885 dicta
2340 3820 2615 3887 baronia
2658 3843 2867 3907 usque

768 3919 1012 3985 festum
1057 3919 1320 3986 Natalis
1381 3918 1612 3986 Sancti
1672 3920 1719 3984 J
1719 3918 2001 3986 ohannis
2062 3920 2387 4008 Baptistae
2446 3944 2621 3988 anno
2682 3924 2869 4011 regni

769 4020 1069 4109 praedicti
1159 4020 1399 4106 xxiijo„
1433 4027 1549 4086 et
1621 4021 1927 4107 quaedam
2016 4044 2227 4107 usque
2322 4024 2555 4110 [diem]
2638 4024 2869 4093 Sancti

766 4122 1044 4189 Martini
1117 4142 1292 4188 anno
1365 4122 1586 4211 xxiijo.
1663 4122 1951 4200 finiente,
2029 4130 2108 4189 ut
2180 4130 2369 4211 patet
2434 4126 2648 4195 infra:
2738 4150 2871 4214 quo

772 4224 880 4289 die
947 4224 1178 4291 Sancti
1241 4224 1530 4303 Martini,
1584 4224 1935 4303 Antonius,
1990 4224 2457 4293 Dunolmensis
2526 4230 2867 4317 episcopus

771 4325 1028 4391 seisivit
1090 4326 1269 4391 dicta
1355 4323 1697 4391 baroniam
1765 4331 1837 4391 et
1902 4326 2212 4413 Castrum
2302 4329 2638 4409 Bernardi,
2715 4354 2865 4399 cum

768 4426 1200 4513 pertinentiis,
1271 4433 1340 4493 et
1427 4448 1580 4493 cum
1661 4426 1916 4493 catallis
2006 4429 2251 4495 ibidem
2326 4432 2634 4510 inventis,
2718 4455 2867 4519 quse

769 4528 1008 4594 catalla
1081 4532 1498 4593 summantur
1568 4529 1657 4594 ad
1722 4550 1809 4595 cc.
1888 4529 2105 4608 libras,
2171 4532 2503 4599 occasione
2578 4534 2866 4600 forisfac-

771 4635 939 4693 turae
1005 4628 1302 4714 praedicti
1371 4629 1418 4696 J
1418 4629 1712 4707 ohannis,
1759 4630 2013 4696 ratione
2079 4631 2403 4699 libertatis
2432 4635 2867 4721 episcopatus

771 4728 1251 4808 DunohnensiS‚
1297 4732 1470 4797 sicut
1534 4732 1839 4799 dominus
1902 4755 2020 4799 rex
2064 4734 2225 4801 alias
2285 4741 2493 4803 terras
2552 4744 2621 4803 et
2686 4742 2869 4805 tene-
