3592 5817
1070 894 1468 947 REGISTRUM
1517 894 1925 947 PALATINUM
1973 896 2465 951 DUNELMENSE.
2524 886 2533 891 ⁵
2698 885 2821 949 101

375 1092 462 1139 An.
478 1096 530 1140 35
545 1096 630 1142 Ed.
645 1094 684 1140 1.
710 1042 1563 1157 DecanatusdeDerlynyton.
1705 1079 1883 1137 Tama
1910 1076 2110 1139 Nova.
2400 1080 2673 1141 Decima.
2731 1123 2741 1131 x
2882 1088 2995 1137 Aa).
3012 1094 3127 1139 18⁰6.

715 1196 809 1256 De
848 1197 1098 1257 ecclesia
1136 1198 1208 1259 de
1249 1197 1487 1258 Ditten·
1569 1200 1633 1255 lx
1656 1216 1686 1255 s
1690 1241 2197 1258 ......
2280 1197 2340 1274 vj
2364 1218 2410 1258 s.

794 1288 932 1349 sale.

711 1383 806 1441 De
828 1368 1054 1442 vieni-ia
1080 1383 1154 1442 (ιο
1177 1382 1492 1443 Sokbume
1571 1383 1659 1458 liij
1685 1402 1730 1441 s.
1761 1382 1844 1458 iiij
1870 1384 1927 1440 d.
1979 1425 1993 1439 .
2081 1426 2095 1441 .
2182 1426 2195 1439 .
2282 1402 2321 1440 v
2340 1402 2385 1441 s.
2418 1382 2500 1459 iiij
2522 1386 2582 1442 d.

711 1473 920 1533 Portio
946 1474 1169 1533 domini
1203 1474 1487 1533 willelmi
1567 1474 1648 1549 iiij
1674 1474 1736 1533 li.
1767 1472 1875 1549 xiij
1901 1492 1945 1532 s.
1976 1474 2060 1548 iiij
2083 1474 2139 1531 d.
2172 1517 2185 1531 .
2272 1474 2335 1531 ix
2358 1494 2403 1534 s.
2434 1474 2517 1549 iiij
2545 1476 2605 1535 d.

795 1565 870 1625 de
896 1566 1184 1637 London',
1215 1567 1277 1623 in
1304 1539 1493 1626 ecche-

795 1660 882 1717 εἰει
909 1656 1114 1718 Sancti
1145 1657 1394 1734 Georgii
1423 1660 1496 1718 (le

795 1750 1135 1811 Midelton'.
1600 1812 1608 1815 .

697 1838 922 1901 'Portio
943 1845 1166 1902 domini
1193 1844 1488 1904 «Iohannis
1567 1843 1692 1918 xlvj
1718 1864 1763 1903 s.
1795 1842 1900 1920 viij
1924 1844 1983 1902 d.
2079 1888 2090 1902 .
2176 1887 2193 1903 .
2273 1844 2357 1920 iiij
2385 1864 2432 1903 s.
2459 1844 2559 1921 viij
2582 1848 2641 1905 d.

795 1936 869 1994 de
899 1934 1122 1995 Cambe
1148 1936 1208 1993 in
1235 1936 1462 1995 eadem.
2134 1980 2152 1987 -

715 2026 810 2087 De
853 2028 1101 2092 eeclesia
1155 2030 1228 2087 de
1289 2029 1486 2105 Lang-
1537 2028 1694 2104 xiiij
1731 2028 1778 2085 12·
1781 2070 2191 2087 .....
2276 2028 2463 2103 xxviij
2492 2048 2539 2087 s.

793 2120 1052 2181 neuton’.
2258 2178 2263 2183 .
2613 2124 2616 2127 ’

712 2210 808 2271 De
853 2213 1102 2273 ecclesia
1147 2215 1220 2273 de
1270 2212 1488 2291 Stayn·
1565 2210 1693 2288 lxvj
1719 2230 1765 2271 s.
1795 2211 1898 2287 viij
1924 2212 1981 2269 d.
2078 2254 2091 2269 .
2175 2254 2190 2271 .
2273 2212 2331 2289 vj
2356 2232 2403 2272 ε.
2432 2212 2535 2289 viij
2556 2214 2615 2272 d.

792 2306 915 2363 ton'
944 2305 1008 2364 in
1032 2303 1250 2365 Strata.

713 2396 808 2457 De
855 2398 1097 2459 eeclesia
1143 2400 1218 2457 de
1270 2398 1485 2478 Eggis-
1570 2418 1655 2457 xx
1675 2396 1740 2459 ti.
1769 2417 1939 2459 st.
1979 2441 1993 2456 .
2079 2441 2090 2456 .
2178 2441 2189 2455 .
2273 2388 2357 2475 ij
2382 2417 2427 2457 ε.
2459 2398 2514 2476 vj
2537 2399 2595 2457 d.
2635 2464 2652 2475 ,
2728 2455 2733 2463 ,

793 2490 936 2550 clif’.
1026 2513 1033 2519 ·
1315 2486 1338 2501 ⁴

713 2585 808 2643 De
825 2585 1071 2647 eeclesia
1086 2584 1159 2645 de
1179 2586 1491 2645 Redmers-
1571 2587 1678 2661 xiij
1701 2584 1760 2645 li.
1788 2588 1845 2661 vj
1866 2606 1911 2645 s,
1945 2584 2047 2663 viij
2075 2586 2135 2643 d.
2177 2625 2192 2642 .
2274 2583 2420 2661 xxvj
2446 2604 2491 2645 s.
2521 2585 2624 2661 viij
2651 2588 2710 2646 d.

713 2677 1088 2832 Dehznotlesia
1113 2772 1187 2830 de
1214 2770 1416 2831 Elton'
1467 2815 1480 2830 .
1564 2771 1632 2829 xl
1652 2790 1681 2827 s
1683 2811 2189 2828 ......
2268 2770 2352 2855 iiij
2374 2790 2421 2831 ε,

717 2862 823 2941 (In
852 2864 954 2923 the
976 2863 1240 2940 margin)
1275 2904 1287 2919 .
1375 2907 1386 2921 .
1475 2906 1489 2920 .
1575 2862 1683 2939 iije.
1708 2860 1788 2939 xlj
1819 2860 1881 2919 li.
1914 2860 2041 2936 xiiij
2068 2880 2115 2917 ε.

962 3180 1286 3241 Portiones
1315 3180 1388 3238 de
1414 3179 1670 3238 Norton’
1700 3181 1766 3237 in
1791 3176 2117 3238 Decanatu
2146 3164 2555 3257 Derlynytonss'

711 3334 919 3395 Portio
983 3336 1252 3413 magistri
1308 3336 1484 3397 Lucae
1565 3334 1649 3411 iiij
1673 3335 1718 3391 11·
1720 3376 2191 3395 ......
2272 3335 2372 3411 viij
2398 3356 2448 3393 ε.

791 3428 1045 3489 Periere.

710 3519 922 3579 Portio
941 3522 1215 3597 magistri
1243 3520 1486 3579 Thomae
1565 3520 1651 3595 iiij
1676 3518 1723 3576 12·
1725 3562 2187 3579 ......
2271 3520 2374 3594 viij
2400 3540 2447 3578 s.

792 3614 865 3673 de
893 3612 1136 3673 Nevill’.

711 3708 916 3766 Portio
969 3708 1235 3785 magistri
1289 3706 1479 3791 Bene·
1563 3704 1648 3780 iiij
1673 3704 1738 3764 li.
1777 3750 1792 3765 .
1876 3751 1888 3764 .
1968 3753 1986 3785 .-
2075 3751 2088 3766 .
2174 3751 2185 3765 .
2270 3708 2372 3783 viij
2406 3726 2451 3765 s,

792 3801 936 3859 dieti
962 3800 1010 3861 J
1013 3807 1255 3877 unetyn.

711 3893 919 3954 Portio
959 3894 1238 3953 Nieholai
1277 3896 1350 3953 de
1378 3893 1479 3951 El·
1563 3893 1648 3969 iiij
1677 3892 1723 3951 li
1726 3935 2181 3953 ......
2268 3895 2367 3971 viij
2398 3915 2444 3953 ε.

796 3988 978 4047 tham.

712 4079 922 4139 Portio
962 4079 1206 4139 Thomae
1234 4080 1306 4137 de
1335 4078 1480 4140 Gol·
1549 4080 1648 4156 iiij
1673 4080 1722 4137 li
1723 4121 2179 4139 ......
2263 4080 2364 4157 viij
2397 4100 2445 4139 s.

622 4239 631 4243 ‚
793 4172 1098 4249 dyngton’.

711 4263 920 4323 Portio
1013 4264 1060 4324 J
1062 4265 1310 4325 ohannis
1411 4264 1486 4324 de
1565 4264 1650 4341 iiij
1679 4264 1724 4321 li
1725 4306 2185 4323 ......
2270 4264 2371 4340 viij
2402 4284 2447 4345 ξ.

792 4354 1066 4414 Nortou’.

711 4450 919 4507 Portio
952 4444 1196 4508 Thomae
1223 4450 1296 4506 de
1325 4448 1491 4508 Cave
1573 4447 1655 4523 iiij
1681 4447 1728 4504 li
1732 4488 2193 4506 ......
2278 4449 2381 4522 viij
2409 4469 2455 4507 s,

711 4544 920 4601 Portio
946 4542 992 4601 J
994 4543 1244 4600 ohannis
1274 4540 1484 4618 Slegft.
1563 4540 1652 4615 iiij
1676 4541 1725 4598 li
1727 4581 2190 4599 ......
2273 4541 2373 4615 viij
2407 4562 2454 4605 s,

711 4634 918 4693 Portio
946 4634 1153 4691 vicarii
1179 4634 1436 4708 ejusdem
1467 4675 1480 4689 .
1563 4632 1671 4707 xiij
1694 4632 1758 4693 ei.
1875 4675 1889 4688 .
1972 4674 1986 4691 .
2072 4676 2084 4689 .
2172 4674 2185 4687 .
2269 4631 2414 4707 xxvj
2440 4652 2485 4691 ε.

717 4727 820 4804 (In
850 4728 950 4787 the
979 4728 1238 4805 margin)
1280 4770 1293 4784 .
1379 4770 1392 4783 .
1476 4771 1489 4783 .
1573 4726 1675 4785 xlv
1701 4724 1764 4781 li.
