3592 5817
932 889 1327 939 RsersrRuM
1377 891 1780 940 PAL-ATINUM
1830 889 2315 940 DUNELMENSE.
2547 876 2671 942 245

576 1066 1116 1146 Oai-tusiensium,
1143 1069 1892 1147 Praemonstratensium,
1920 1069 2309 1138 Sanctorum
2334 1069 2677 1134 Benedicti
2734 1093 2847 1139 Aa).
2864 1097 2979 1142 1⁸⁴⁰.

571 1174 639 1233 et
711 1170 1090 1257 Augustini,
1167 1171 1775 1238 Camaldulensium
1856 1172 2085 1239 Sancti
2177 1171 2536 1250 Guinelmi,
2608 1176 2679 1236 et

570 1269 848 1336 aliorum
894 1273 1217 1350 ordinum,
1263 1295 1518 1340 necnon
1577 1273 1924 1360 magistris,
1987 1274 2330 1361 prioribuS,
2391 1294 2673 1359 praecep·

569 1373 822 1438 toribus
887 1380 956 1439 et
1021 1375 1350 1452 fratribus,
1419 1373 1646 1441 Sancti
1716 1376 1763 1440 J
1763 1375 2043 1441 ohannis
2118 1376 2163 1440 J
2165 1375 2681 1462 erosolymitani,

571 1479 639 1538 et
695 1476 975 1542 aliorum
1053 1499 1590 1564 quorumcunque
1656 1478 2085 1566 hospitalium
2139 1501 2255 1545 seu
2316 1480 2679 1559 domorum,

570 1579 950 1664 caeterisque
1014 1581 1658 1668 administratoribus
1727 1582 2025 1668 ipsorum
2086 1581 2409 1658 ordinum,
2454 1581 2674 1666 hospi-

570 1678 806 1744 talium
852 1686 920 1746 et
963 1681 1321 1760 domorum,
1367 1683 1439 1746 in
1485 1683 1681 1750 dictis
1729 1684 2007 1750 civitate
2052 1688 2121 1748 et
2174 1683 2455 1770 dioecesi,
2501 1681 2677 1748 infra

567 1801 844 1866 regnum
887 1783 1148 1869 Angliae
1194 1784 1661 1852 ecclesiasticos
1715 1785 1988 1864 fructus,
2035 1785 2350 1861 redditus,
2396 1789 2467 1848 et
2525 1805 2674 1869 pro-

543 1889 825 1961 *ventua
889 1885 1306 1964 habentibus,
1353 1909 1472 1973 pro
1538 1888 1782 1952 nostris
1846 1887 2421 1974 procurationibus
2486 1887 2673 1951 tertii

567 1988 908 2071 praesentis
952 1989 1110 2054 anni
1157 1989 1402 2055 similes
1448 1991 1939 2076 procurationes
1984 1990 2119 2054 illis
2164 2011 2327 2075 quas
2372 2009 2545 2054 unus
2590 1989 2674 2054 de

568 2089 1008 2157 cardinalibus
1085 2097 1330 2158 sanctae
1399 2091 1716 2158 Romanae
1802 2091 2125 2169 Ecclesiae,
2209 2091 2467 2176 legatus
2564 2091 2674 2155 vel

568 2193 846 2260 nuncius
895 2193 1083 2260 Sed-is
1129 2194 1546 2282 Apostolicae,
1593 2195 1668 2260 in
1713 2194 1893 2261 dicto
1937 2215 2139 2281 regno
2190 2194 2475 2279 recipere
2520 2214 2671 2260 con-

568 2294 803 2372 suevit,
873 2295 1074 2362 etiam
1159 2319 1308 2382 quse
1375 2298 1463 2362 ad
1536 2296 1853 2382 majorem
1928 2317 2253 2362 summam
2326 2296 2673 2364 ascendere

570 2397 1037 2479 dinoscuntur;
1115 2422 1374 2466 necnon
1447 2421 1566 2485 per
1640 2421 1774 2477 vos,
1852 2400 1961 2465 vel
2034 2401 2239 2466 alium
2308 2421 2426 2465 seu
2491 2398 2671 2476 alios,

569 2499 827 2565 eosdem
889 2500 1144 2579 electos»,
1218 2495 1506 2578 abbates,
1569 2501 1831 2587 priores,
1908 2502 2203 2579 decanos,
2265 2507 2333 2568 et
2402 2506 2673 2568 caeteros

569 2603 994 2688 supradictos,
1039 2605 1125 2670 ad
1200 2605 1755 2670 contribuendum
1833 2604 1905 2669 in
1974 2610 2044 2669 et
2108 2625 2227 2692 pro
2290 2604 2673 2689 hujusmodi

570 2705 1140 2790 procurationibus
1205 2704 1411 2771 tertii'
1438 2707 1784 2792 praesentis
1829 2707 1989 2771 anni
2058 2708 2130 2771 in
2192 2707 2353 2793 ipsis
2397 2707 2673 2772 civitate

569 2812 640 2871 et
683 2807 946 2873 dioecesi
992 2809 1182 2874 nobis
1229 2809 1486 2886 debitis,
1532 2813 1734 2894 prout
1775 2829 1894 2893 per
1940 2808 2150 2874 dictas
2194 2808 2419 2879 literas
2479 2808 2673 2874 nobis

567 2929 941 2974 concessum
1018 2916 1134 2986 est,
1203 2909 1652 2996 compellendi,
1719 2931 1798 2976 ac
1870 2910 2072 2977 libros
2135 2931 2249 2976 seu
2312 2910 2669 2996 scripturas

569 3010 1128 3089 distributionum,
1161 3013 1598 3089 taxationufn,
1646 3012 2159 3106 impositionum,
2206 3034 2323 3078 seu
2368 3012 2671 3078 indictio·

566 3136 744 3192 num,
791 3121 860 3180 et
903 3115 1307 3180 solutionum
1351 3115 1777 3201 antiquarum
1840 3123 1910 3182 et
1953 3117 2439 3195 modernarum,'
2476 3139 2673 3203 super

565 3220 888 3286 similibus
933 3222 1499 3308 procurationibus
1559 3221 1954 3299 habitarum;
2000 3223 2191 3288 nobis
2242 3211 2566 3301 exhiberi,
2603 3229 2675 3288 et

501 3401 514 3412 ·
566 3345 682 3409 per
726 3325 980 3409 copiam
1047 3325 1238 3401 tradi,
1285 3325 1609 3404 faciendi;
1677 3325 2184 3390 contradictores
2246 3345 2541 3410 quorum,
2602 3332 2673 3391 et

569 3425 1038 3503 inobedientes,
1085 3426 1414 3511 quoslibet
1458 3417 1574 3512 pei·
1617 3447 1959 3492 censuram
2004 3426 2524 3503 ecclesiasticam,
2556 3449 2671 3513 ap-

569 3528 927 3614 pellatione
991 3529 1372 3615 postposita,
1425 3528 1895 3613 compescendi,
1948 3551 2204 3596 necnon
2266 3529 2669 3608 absolvendi,

565 3629 738 3695 infra
797 3631 1078 3716 triginta
1139 3631 1393 3695 dierum
1445 3630 1805 3695 terminum
1865 3631 2373 3718 infiascriptum‚
2418 3631 2669 3717 simpli·

566 3731 744 3810 citer,
800 3737 870 3796 et
927 3733 1014 3797 ad
1073 3733 1398 3798 cautelam
1459 3732 1606 3798 illos
1652 3731 1768 3820 qui
1838 3733 1909 3797 in
1972 3733 2299 3800 dictarum
2366 3755 2669 3821 procura-

565 3831 824 3900 tionum
869 3835 1028 3899 anni
1081 3835 1279 3921 primi
1327 3842 1396 3902 et
1455 3836 1726 3903 secundi
1769 3836 2208 3904 solutionibus
2272 3837 2666 3914 defecerunt,

565 3942 914 4024 postquam
991 3937 1462 4016 satisfecerunt,
1531 3939 1733 4025 juxta
1808 3939 2311 4006 declarationem
2394 3939 2669 4006 inferius

567 4045 971 4118 annotatam,
1017 4047 1087 4106 et
1145 4042 1658 4107 satisfactionem
1719 4042 2098 4128 hujusmodi
2150 4044 2523 4130 recipiendi,
2571 4050 2667 4110 te-

565 4165 722 4210 nore
766 4146 1208 4231 praesentium,
1262 4146 1733 4213 committimus
1793 4152 2205 4234 potestatem,
2251 4152 2322 4212 et
2382 4147 2455 4216 in
2503 4168 2667 4233 prae-

565 4248 795 4325 missis,
845 4254 913 4315 et
967 4270 1046 4314 ea
1087 4241 1531 4336 tangentibus,
1578 4250 1869 4337 plenarie
1914 4251 2092 4316 vices
2137 4255 2407 4328 nostras,
2462 4251 2670 4317 donec

565 4372 674 4417 eas
748 4351 834 4416 ad
909 4373 1029 4418 nos
1095 4353 1478 4418 duxerimus
1553 4353 1965 4420 revocandas.
2090 4353 2179 4417 Et
2231 4352 2669 4418 nihilominus

565 4451 741 4538 ipsos
803 4453 1059 4533 eleetos,
1129 4455 1418 4534 abbates,
1481 4456 1744 4542 priores,
1810 4455 2107 4531 decanos,
2154 4459 2224 4520 et
2266 4453 2429 4520 alios
2474 4477 2664 4541 supe-

565 4556 704 4621 rius
779 4557 1170 4644 designatos,
1237 4563 1307 4624 et
1371 4579 1596 4624 eorum
1660 4557 1969 4644 singulos,
2018 4562 2357 4643 exemptos
2416 4563 2488 4623 et
2530 4579 2667 4624 non

565 4665 922 4746 exemptos,
963 4661 1358 4728 auctoritate
1387 4662 1718 4749 praedicta,
1749 4661 1979 4748 prime,
2012 4660 2311 4739 secunde,
2344 4665 2414 4749 et
2448 4662 2663 4740 tertio,

531 4775 546 4784 ·
564 4764 998 4850 peremptorie
1042 4763 1437 4851 requirimus
1482 4770 1552 4831 et
1594 4785 1951 4842 monemus,
1998 4762 2288 4850 ipsisque
2332 4768 2403 4830 et
2440 4783 2665 4831 eorum
2768 4833 2775 4837 ,
