3592 5817
1027 842 1426 893 ammaum
1472 841 1879 891 mannum
1924 841 2414 893 DUNELMENSE.
2698 829 2783 891 89

680 1030 747 1091 xl
771 1049 984 1091 marcae
1085 1072 1102 1089 .
1183 1073 1199 1089 .
1282 1072 1299 1088 .

680 1124 748 1182 lx
773 1140 984 1181 marcoe
1017 1169 1024 1176 ,
1081 1161 1097 1181 .
1179 1164 1196 1181 .
1279 1162 1296 1181 .

673 1233 716 1271 x
741 1232 956 1275 marcas
1071 1254 1090 1272 .
1172 1256 1189 1272 .

673 1326 718 1365 x
744 1325 953 1365 marcae
983 1348 997 1365 .
1081 1348 1097 1365 .
1180 1346 1198 1365 .
1277 1349 1295 1366 .

675 1508 806 1547 xxx
832 1506 1042 1547 marcoe
1085 1530 1102 1547 .
1182 1532 1200 1549 .
1283 1531 1299 1547 .

678 1578 822 1655 xviij
853 1598 1064 1640 marcas
1180 1622 1197 1638 .

679 1672 748 1729 xl
773 1689 980 1730 marcae
1087 1712 1102 1729 .
1186 1712 1200 1728 .
1281 1715 1297 1731 .

675 1780 845 1821 xxxv
871 1780 1081 1821 marcae
1182 1804 1196 1821 .

677 1872 806 1911 xxx
833 1870 1038 1912 marcoe
1085 1894 1102 1913 .
1183 1896 1198 1911 .

676 1946 761 2022 vij
791 1964 1000 2005 marcae
1026 1945 1106 2007 di.
1189 1986 1206 2005 .

679 2034 823 2095 clxx
848 2055 1060 2095 marcae
1088 2077 1105 2096 .
1184 2076 1200 2095 .

682 2128 766 2204 vij
796 2146 1008 2188 marcae
1035 2128 1126 2186 dir
1178 2171 1195 2187 .
1276 2170 1293 2187 .

1280 2262 1297 2280 .
1379 2220 1650 2279 Ecclesia
1679 2218 1754 2279 de
1781 2220 2143 2279 Middilham

1280 2358 1296 2375 .
1381 2314 1627 2374 Vicaria
1653 2312 1920 2391 ejusdem
1950 2357 1966 2373 .
2046 2357 2063 2373 .

1279 2450 1294 2467 .
1380 2405 1653 2465 Ecclesia
1679 2406 1752 2463 de
1779 2406 2166 2483 Meryngton'

1281 2538 1296 2556 .
1377 2496 1624 2555 Vicaria
1654 2496 1921 2573 ejusdem
1950 2540 1965 2557 .
2049 2540 2065 2556 .

1281 2630 1297 2645 .
1381 2587 1656 2647 Ecclesia
1707 2588 1781 2646 de
1843 2588 2163 2667 Wolsyng-

676 2222 739 2279 lv
767 2238 977 2280 marcae
1085 2262 1102 2279 .

684 2316 750 2373 ix
776 2332 986 2374 marcae
1081 2356 1100 2373 .
1181 2356 1199 2373 .

681 2424 808 2463 xxx
833 2423 1044 2466 marcae
1081 2448 1098 2465 .
1181 2446 1197 2465 .

679 2495 764 2573 vij
795 2514 1006 2557 marcae
1031 2496 1111 2556 di.
1182 2538 1197 2555 .

679 2587 746 2645 lx
765 2605 979 2647 marcae
1082 2630 1098 2646 .
1181 2631 1196 2648 .

681 2774 985 2832 lxmarcae
1086 2816 1102 2834 .
1187 2817 1201 2833 .

680 2882 1104 2927 xxxmarcae.
1186 2905 1203 2924 .

682 3046 830 3121 iiij¹¹
855 3064 1102 3107 marcoe.
1185 3089 1201 3106 .

680 3246 1004 3288 xmarcoe.
1087 3268 1104 3285 .
1185 3269 1201 3288 .

683 3336 1104 3379 xxxmarcoe.
1187 3362 1202 3377 .

681 3412 982 3471 lxmarcae
1089 3450 1106 3469 .
1187 3456 1202 3473 .

682 3504 763 3578 vij
791 3522 1004 3562 marcoe
1029 3503 1112 3561 di.

684 3614 1012 3655 xxmarcae
1092 3636 1108 3654 .
1192 3638 1208 3655 .
1291 3637 1307 3653 .

687 3781 988 3855 vjmarcoe
1095 3820 1113 3839 .
1195 3823 1211 3839 .

685 3963 982 4039 qimai-cai
1093 4002 1214 4023 ..

691 4072 1012 4115 xmaroe.
1097 4096 1113 4112 ο
1197 4084 1310 4112 οι

691 4257 1212 4300 xvmssrcaeoe

689 4422 894 4501 iiijxxvj
925 4442 1136 4486 marcae
1194 4465 1209 4483 .
1291 4466 1306 4483 .

1383 1028 1626 1106 Capella
1648 1030 1722 1088 de
1749 1026 2073 1105 Hertilpol’
2146 1070 2163 1087 .

1379 1120 1651 1181 Ecclesia
1678 1122 1750 1180 de
1779 1120 2086 1181 Stranton’
2142 1162 2159 1179 .

1274 1255 1291 1272 .
1370 1213 1618 1273 Vicaria
1643 1210 1907 1289 ejusdem
1942 1253 1959 1269 .
2041 1251 2058 1270 .
2140 1254 2157 1271 .

1377 1304 1586 1364 Portio
1613 1304 1831 1381 prioris
1858 1305 1931 1363 de
1968 1304 2164 1381 Tyne-

1457 1396 1628 1453 muth
1657 1396 1721 1452 in
1752 1396 1979 1453 eadem.

1380 1488 1647 1552 Ecclesia
1673 1488 1748 1546 de
1773 1486 2059 1564 Esylden'
2145 1528 2161 1546 .

1279 1623 1296 1640 .
1380 1578 1621 1655 Capella
1647 1579 1720 1637 de
1746 1580 2047 1639 Trendon’
2144 1622 2159 1638 .

1381 1670 1655 1729 Ecclesia
1681 1671 1756 1729 de
1785 1670 2081 1749 Ellewyk’
2151 1712 2169 1729 .

1281 1804 1298 1821 .
1378 1762 1650 1821 Ecclesia
1675 1763 1750 1821 de
1779 1761 2073 1822 Gretham
2148 1806 2163 1821 .

1284 1895 1300 1912 .
1380 1850 1650 1911 Ecclesia
1677 1854 1752 1911 de
1779 1854 2144 1931 Bylingham

1286 1988 1304 2007 .
1385 1945 1641 2004 Vicat-ia·
1655 1944 1969 2039 ejusdem.
2051 1987 2068 2004 .

1282 2076 1298 2095 .
1380 2036 1651 2095 Ecclesia
1674 2037 1750 2093 de
1779 2014 2163 2113 Seggefeld’.

1377 2128 1655 2187 Ecclesia
1679 2128 1751 2186 de
1779 2128 2051 2188 Kellawe

1463 2662 1620 2740 ma

1463 3138 1644 3213 path’.

1285 2817 1302 2833 .
1383 2773 1655 2832 Ecclesia
1679 2773 1750 2831 de
1777 2771 2081 2848 Stanhope
2148 2814 2165 2832 .

1281 2904 1302 2925 .
1385 2864 1659 2941 (Vacat.)
1679 2864 1951 2924 Ecclesia
1968 2864 2172 2925 Sancti

1463 2954 1725 3015 Oswaldi
1753 2956 1819 3013 in
1846 2955 2145 3015 Dunolmo
2160 3000 2178 3017 .

1287 3088 1304 3127 ·.
1385 3045 1662 3105 Ecclesia
1733 3046 1811 3105 de
1864 3046 2167 3106 Braunce-

1285 3230 1324 3287 .’
1382 3226 1653 3287 Ecclesia
1678 3227 1752 3287 de
1769 3227 2181 3287 Edmundbir-s'

1286 3361 1303 3380 .
1384 3318 1655 3377 Ecclesia
1681 3319 1754 3378 de
1781 3318 2105 3377 whikham
2154 3362 2171 3379 .

1287 3452 1304 3471 .
1383 3410 1652 3491 Ecclesia
1679 3411 1752 3469 de
1782 3411 2004 3489 Ryton'
2053 3454 2071 3471 .

1193 3544 1210 3561 .
1291 3546 1308 3563 .
1392 3501 1634 3578 Capella
1662 3502 1736 3560 de
1767 3501 1999 3561 Hilton’
2060 3544 2077 3561 .

1390 3594 1660 3654 Ecclesia
1707 3593 1913 3655 Sancti
1956 3594 2177 3655 Nicho·

1474 3688 1554 3745 lai
1582 3689 1646 3746 in
1673 3688 1991 3749 Dunolmo.

1291 3822 1308 3841 .
1391 3780 1661 3861 Ecclesia
1760 3780 1835 3840 de

1467 3872 1700 3931 worth’.

1406 4158 1416 4167 ·
1471 4146 1534 4202 in
1566 4144 1830 4223 Salteby.

1471 4330 1708 4389 diversa
1733 4330 1881 4391 loca.

1392 4421 1724 4499 Hospitalis
1756 4416 1832 4482 de
1862 4422 2172 4482 Shirburn’

1941 3780 2171 3843 white·

1294 4004 1311 4021 .
1392 3961 1636 4040 Capella
1661 3964 1736 4022 de
1763 3963 2016 4023 Witton'
2058 4008 2073 4024 .

1391 4053 1660 4115 Ecclesia
1689 4054 1898 4114 Sancti
1940 4054 2175 4133 AEgidii

1297 4280 1312 4297 .
1394 4238 1706 4299 Portiones
1724 4240 1796 4298 de
1824 4240 2039 4315 Kipier
2065 4259 2168 4319 per

2249 1304 2500 1321 0000000

2245 1506 2358 1548 18·

2249 1671 2358 1747 xiij
2379 1690 2426 1729 s.
2454 1670 2541 1747 iiij
2567 1672 2626 1729 a.

2246 1763 2615 1839 ήιήῃφ

2248 1872 2293 1913 X
2314 1874 2362 1913 8.

2250 1947 2291 2022 ij
2316 1968 2364 2007 s.
2392 1947 2451 2022 vj
2478 1948 2537 2005 d.

2243 2036 2327 2113 lvj
2347 2056 2396 2096 s.
2426 2038 2528 2115 viij
2551 2040 2611 2099 d.

2147 2170 2163 2187 .
2245 2128 2288 2204 ij
2312 2147 2361 2189 ε.
2386 2128 2446 2205 vj
2474 2130 2533 2189 d.

2244 2222 2391 2297 xviij
2414 2242 2461 2283 s.
2490 2220 2580 2298 iiij
2604 2224 2662 2280 d.

2144 2356 2161 2375 .
2243 2314 2309 2392 iij
2334 2336 2381 2377 ε.

2246 2424 2353 2465 13.

2148 2540 2165 2557 .
2248 2498 2523 2577 ijs.vjd.

2244 2607 2331 2648 XX
2352 2610 2398 2650 8.
2574 2626 2607 2649 x

2246 2793 2333 2833 XX
2352 2794 2398 2834 8.

2253 2886 2296 2923 1
2313 2887 2361 2925 8.

2248 3047 2393 3126 xxvj
2415 3068 2465 3109 s.
2493 3050 2595 3126 viij
2620 3053 2679 3110 d.
2718 3032 2724 3039 ⁶

2256 3228 2320 3306 iij
2342 3250 2389 3291 ε.
2418 3232 2504 3309 iiij
2530 3234 2591 3291 d.

2251 3340 2294 3379 x
2312 3342 2360 3381 ε.

2151 3456 2167 3475 ο
2250 3431 2399 3473 118·

2159 3505 2538 3583 ,ῆιήφ

2258 3598 2319 3673 vj
2340 3618 2388 3657 s.
2415 3597 2520 3675 viij
2544 3600 2601 3657 d.

2250 3782 2290 3859 ij
2311 3802 2359 3843 s.

2154 4006 2171 4024 .
2251 3964 2294 4041 ij
2315 3984 2363 4025 ε.

2256 4056 2592 4134 ffiaQa

2252 4259 2360 4300 VS.

2253 4424 2441 4500 xxviij
2464 4442 2511 4485 ε.
2539 4395 2644 4501 viij
2666 4426 2725 4483 d.
