3592 5817
1011 883 1402 934 Rsffls'rnmt
1448 883 1856 934 munuum
1901 883 2390 934 DUNELMENSE.
2491 917 2503 924 .
2621 871 2747 934 249

646 1071 1029 1148 redditibus
1094 1073 1615 1148 obventionibus
1679 1078 1748 1136 et
1811 1074 2255 1158 proventibus,
2303 1073 2418 1158 qui
2480 1078 2549 1137 et
2600 1093 2748 1157 quae

644 1172 716 1236 in
791 1174 941 1236 aliis
1017 1176 1257 1238 nostris
1322 1175 1726 1260 processibus
1794 1182 1865 1240 et
1927 1175 2490 1240 commissionibus
2557 1175 2749 1240 factis

644 1295 839 1360 super
882 1275 1176 1360 praefatis
1222 1277 1463 1340 nostris
1526 1277 2090 1361 procurationibus
2151 1277 2347 1362 primi
2393 1276 2568 1354 anni,
2617 1277 2748 1363 pri-

646 1376 772 1440 mis
796 1375 817 1413 ¹
863 1377 1013 1442 aliis
1058 1378 1465 1462 processibus
1518 1379 1913 1464 supradictis
1957 1380 2305 1464 adjunctis,
2343 1385 2515 1464 ‘quos
2559 1379 2750 1444 vobis

648 1479 1148 1558 transmisimus,
1196 1475 1631 1545 continentur.
1726 1482 1995 1559 Rursus,
2043 1481 2276 1546 harum
2329 1481 2494 1546 serie
2539 1480 2750 1546 decla-

646 1601 883 1657 ramus,
919 1582 1093 1676 quod
1126 1583 1669 1669 supradesignati,
1702 1583 1759 1646 si
1790 1604 1910 1668 pro
1942 1583 2239 1670 qualibet
2283 1583 2550 1649 marcha
2579 1583 2750 1648 fruc—

648 1687 858 1760 tuum,
905 1683 1301 1762 reddituum,
1334 1689 1791 1770 proventuum,
1837 1691 1906 1750 et
1949 1685 2422 1752 obventionum
2467 1706 2750 1764 suorum,

652 1785 767 1878 qui
828 1786 914 1851 ad
991 1786 1309 1852 decimam
1384 1792 1547 1851 sunt
1612 1787 1844 1862 taxati,
1907 1787 2266 1852 secundum
2342 1786 2752 1852 taxationem

652 1905 799 1970 quae
844 1887 931 1951 ad
976 1886 1289 1972 majorem
1332 1909 1659 1954 summam
1710 1889 2023 1965 ascendit,
2069 1889 2200 1953 nisi
2245 1907 2422 1954 nova
2465 1889 2557 1953 sit
2599 1909 2751 1954 auc-

656 1989 927 2054 toritate
978 1990 1359 2106 Apostolica
1417 1990 1609 2067 facta,
1670 1990 1778 2055 vel
1825 2013 1910 2055 ex
1955 1995 2134 2056 certa
2193 1991 2470 2056 scientia
2521 1990 2751 2056 confir-

650 2096 845 2167 mata,
923 2097 993 2156 et
1064 2093 1122 2158 si
1198 2099 1547 2178 postquam
1610 2113 1853 2158 novam
1915 2091 2310 2158 auctoritate
2375 2091 2756 2178 Apostolica

650 2193 908 2271 factam,
955 2194 1080 2271 vel,
1126 2197 1207 2258 ut
1268 2195 1628 2280 praefertur,
1690 2195 2142 2260 confirmatam
2202 2193 2575 2289 habuerint,
2619 2215 2754 2258 non

650 2294 973 2360 solverint
1014 2295 1100 2360 ad
1158 2297 1520 2380 antiquam,
1568 2303 1639 2360 et
1698 2296 1779 2360 de
1839 2295 2276 2380 hospitalibus
2338 2295 2640 2360 domibus
2687 2301 2755 2360 et

610 2397 812 2462 -locis
858 2396 1307 2462 ecclesiasticis
1368 2398 1882 2482 quibuscunque,
1927 2401 2182 2462 necnon
2241 2397 2520 2474 vicariis,
2569 2403 2639 2461 et
2683 2397 2754 2460 in

657 2500 851 2564 certis
927 2499 1355 2584 proventibus
1395 2516 1408 2526 “
1429 2499 2094 2565 archidiaconatuum·
2162 2503 2232 2562 et
2316 2499 2754 2564 decanatuum

656 2621 791 2666 11011
853 2601 1118 2678 taxatiS,
1165 2602 1222 2664 si
1292 2623 1409 2687 pro
1470 2602 1766 2685 qualibet
1830 2622 2048 2666 marca
2096 2601 2238 2664 veri
2283 2599 2524 2666 valoris
2583 2601 2757 2667 infra

656 2703 953 2767 debitum
1000 2703 1356 2768 terminum
1417 2708 1701 2789 quatuor
1759 2703 2060 2773 denarios
2103 2701 2566 2788 sterlingorum
2611 2724 2753 2788 per-

656 2805 987 2883 solverint,
1036 2805 1107 2869 in
1152 2810 1221 2869 et
1279 2827 1397 2892 pro
1440 2805 2010 2892 procurationibus
2054 2805 2423 2883 antedictiS,
2470 2811 2540 2870 et
2583 2806 2753 2870 solu-

657 2908 861 2973 tionis
936 2912 1227 2993 tempore
1295 2931 1364 2972 se
1430 2908 1729 2974 nesciant
1794 2906 1946 2994 plus
2013 2908 2261 2985 debere,
2326 2927 2528 2993 supra
2599 2907 2753 2972 latis

655 3010 897 3076 nostris
956 3010 1303 3074 sententiis
1364 3031 1497 3075 non
1541 3010 1844 3096 ligentur.
1941 3009 2157 3087 Salvo,
2204 3011 2383 3095 quod
2442 3011 2756 3096 quicquid

654 3135 773 3199 pro
817 3103 1385 3198 procurationibus
1445 3113 1605 3199 ipsis
1647 3113 1840 3178 nobis
1899 3113 2279 3212 apparuerit
2336 3113 2486 3198 plus
2532 3113 2755 3178 deberi

582 3269 587 3272 .
656 3220 892 3302 petere,
968 3221 1039 3280 et
1112 3237 1308 3301 super
1390 3237 1467 3280 eo
1558 3217 1921 3300 procedere,
1997 3216 2350 3280 valeamus.
2493 3215 2754 3280 Nostrae

654 3323 878 3383 tamen
945 3318 1335 3383 intentionis
1398 3317 1643 3393 existit,
1706 3318 1886 3402 quod
1945 3317 2288 3382 reverendi
2347 3317 2753 3401 11111108,ἀο-

652 3421 818 3484 mini
864 3407 1223 3486 cardinales
1269 3425 1515 3485 sanctae
1560 3419 1878 3484 Romanae
1926 3419 2248 3494 Ecclesiae,
2296 3418 2378 3482 de
2423 3418 2754 3484 beneficiis

649 3543 797 3607 quae
844 3522 917 3586 in
977 3523 1293 3608 praedicto
1339 3541 1540 3606 regno
1585 3521 1908 3597 obtinent,
1955 3520 2397 3605 quantitatem
2444 3518 2751 3604 aliquam,

648 3624 901 3690 ratione
977 3624 1511 3709 procurationum
1588 3622 1986 3708 hujusmodi,
2055 3621 2306 3686 solvere
2373 3621 2754 3694 nullatenus

646 3731 1014 3816 teneantur,
1046 3747 1259 3810 neque
1282 3724 1616 3810 praedictis
1656 3724 1945 3790 servitiis
1975 3723 2443 3810 astringantur.
2523 3725 2750 3790 Inten-

650 3828 869 3892 dimus
915 3827 1132 3904 etiam,
1166 3827 1343 3912 quod
1386 3827 1469 3891 de
1512 3826 1928 3892 monasteriis
1976 3826 2378 3904 monialium,
2411 3848 2454 3892 a
2493 3827 2749 3912 quibus,

649 3930 905 3995 ratione
948 3929 1482 4015 procurationum
1529 3929 1925 4015 hujusmodi,
1957 3929 2208 4016 aliquid
2257 3930 2435 4016 exigi
2481 3931 2752 3996 minime

650 4031 1009 4108 consuevit,
1054 4053 1134 4097 ac
1198 4031 1281 4096 de
1328 4030 1454 4095 Dei
1504 4037 1573 4096 et
1602 4031 2038 4130 Leprosorum
2101 4032 2405 4097 domibus
2449 4037 2522 4097 et
2572 4032 2747 4099 vica—

648 4135 780 4214 riis,
844 4133 1193 4212 beneficiis,
1258 4133 1575 4211 domibus,
1632 4138 1701 4199 et
1750 4134 1910 4201 locis
1971 4155 2250 4220 quorum
2297 4135 2560 4220 singula
2617 4157 2752 4201 non

652 4237 1033 4303 extendunt
1073 4235 1216 4320 [ad]
1269 4234 1559 4300 valorem
1603 4255 1900 4300 annuum
1946 4258 2064 4300 sex
2123 4257 2508 4314 marcarum,
2563 4236 2751 4302 dum-
2793 4245 2804 4266 ·

651 4340 845 4406 modo
890 4359 969 4404 ea
1011 4337 1387 4403 obtinentes
1447 4343 1806 4424 proventus
1869 4338 2031 4402 alios
2094 4337 2558 4404 ecclesiasticos
2617 4359 2754 4404 non

654 4442 1016 4518 obtineant,
1087 4461 1205 4526 pro
1264 4439 1834 4526 procurationibus
1895 4439 2055 4526 ipsis
2115 4439 2214 4503 nil
2276 4439 2544 4525 penitus
2611 4441 2752 4538 exi-

652 4549 863 4632 gatur.
956 4545 1171 4622 Porr0,
1203 4544 1261 4608 si
1306 4542 1511 4630 aliqui
1542 4563 1613 4608 se
1646 4541 1941 4608 indebite
1987 4542 2248 4628 gravari
2295 4542 2366 4608 in
2413 4545 2752 4611 exactione

1219 4772 1234 4804 ¹
1261 4771 1389 4824 This
1412 4773 1549 4823 word
1574 4771 1617 4822 is
1642 4773 1918 4824 somewhat
1939 4771 2187 4826 doubtful.

2815 1085 2926 1132 AJ).
2943 1088 3058 1131 1³40.

2833 3222 2864 3266 ί.
2883 3225 2960 3266 316
2976 3222 3022 3266 b.
