3592 5817
863 914 1262 965 ascanium
1307 912 1713 967 PALArmUM
1758 910 2246 962 DUNELMENSE.
2484 896 2615 960 499
2758 968 2763 975 ‚

507 1101 930 1169 laudabiliter
971 1104 1047 1167 in
1078 1103 1340 1181 divinis,
1371 1102 1706 1169 licentiam
1736 1101 1881 1180 tibi,
1912 1106 2141 1167 tenore
2168 1099 2618 1187 praesentium,
2676 1114 2787 1160 Μ).
2816 1117 2936 1160 1842.
3008 1086 3024 1103 ⁸

456 1262 470 1284 Ι,
503 1204 916 1269 concedimus
963 1204 1325 1291 specialem.
1418 1204 1504 1269 In
1548 1204 1736 1289 cujus
1781 1203 1879 1268 rei
1923 1202 2397 1279 testimonium,
2429 1200 2610 1287 sigil-

503 1304 644 1369 lum
688 1310 990 1371 nostrum
1034 1306 1308 1372 fecimus
1351 1305 1484 1370 hiis
1513 1305 1787 1392 apponi.
1880 1304 2133 1369 Datum
2182 1305 2258 1367 in
2316 1303 2610 1369 manerio

501 1412 729 1493 nostro
797 1408 880 1473 de
943 1406 1271 1486 Stokton',
1317 1407 1552 1472 xxviii.
1619 1407 1726 1473 die
1788 1406 2033 1472 mensis
2077 1404 2387 1493 Augusti,
2432 1426 2608 1471 anno

501 1508 774 1573 Domini
817 1508 1168 1603 millesimo
1213 1518 1400 1577 eccm.
1448 1509 1947 1596 quadragesimo
1992 1508 2295 1586 secunde,
2341 1511 2411 1572 et
2454 1526 2608 1573 con-

503 1610 883 1679 secrationis
926 1616 1172 1691 nostrae
1213 1632 1403 1678 nono.

503 1852 678 1904 Latera
715 1856 783 1904 aa
821 1868 970 1905 oran.
1092 1813 1414 1879 Ricardus
1460 1818 1599 1893 ew„
1646 1814 2105 1883 archidiacono
2148 1815 2375 1878 nostro
2419 1811 2608 1876 Dun-
2638 1820 2935 1915 {alfgtgagom

497 1923 628 1998 suun
667 1936 762 1999 1³120
783 1935 975 1999 ,passa-
1007 1914 1284 1981 olmensi
1353 1920 1472 1982 etc.
1549 1915 1835 1981 salutem
1920 1920 1995 1989 ¹et
2066 1914 2607 1980 benedictionem.
2638 1884 2935 2015 ἓοθὲξξῃαέἷεῗι·

504 2002 590 2053 810
605 1988 798 2061 domun
813 2002 960 2052 regns.
1008 2016 1264 2081 Literas
1339 2016 1740 2081 serenissimi
1816 2016 2133 2102 principis
2222 2020 2293 2079 et
2359 2014 2613 2079 domini
2638 2021 2865 2066 numam.

409 2118 415 2123 ’
503 2119 729 2198 nostri,
799 2119 1052 2191 domini
1128 2110 1457 2215 Edvvardi,
1504 2118 1634 2183 Dei
1694 2119 1927 2204 gratia,
1973 2118 2145 2204 regis
2220 2116 2484 2202 Angliae
2545 2121 2614 2181 et

505 2222 799 2288 Franciae
843 2221 1139 2300 illustris,
1187 2221 1312 2286 sub
1355 2220 1777 2307 infrascripto
1830 2226 2077 2298 fenore,
2122 2240 2244 2286 nos
2287 2218 2615 2285 noveritis

495 2344 564 2388 re
833 2348 939 2389 :—

453 2472 466 2481 -
567 2344 980 2502 ogldlssgrdus,
1057 2414 1184 2489 Dei
1257 2424 1492 2509 gratia,
1568 2445 1690 2489 rex
1761 2423 2026 2509 Angliae
2075 2427 2143 2488 et
2188 2421 2501 2499 Franciae,
2549 2424 2618 2486 et
2642 2424 2881 2519 ffissd·

2785 2488 2808 2518 s
2817 2474 2959 2519 letter

505 2526 810 2591 dominus
855 2526 1213 2602 Hiberniae‚
1245 2524 1610 2591 venerabili
1637 2525 1712 2590 in
1729 2524 2009 2591 ‘Christo
2039 2524 2215 2609 patri
2260 2523 2356 2601 R„
2388 2523 2616 2588 eadem
2642 2526 2856 2569 011010⁸0<²

2644 2576 2841 2625 thei-ein,
2857 2586 2919 2619 on

503 2628 736 2712 gratia,
768 2627 1068 2714 episcopo
1098 2626 1550 2705 Dunolmensi‚
1583 2626 1880 2693 salutem.
1958 2624 2295 2691 Terribilis
2324 2624 2399 2691 in
2434 2624 2616 2709 judi-
2642 2624 2919 2725 22⁸3&ss

504 2728 638 2805 ciis
671 2732 740 2793 et
783 2727 1230 2793 inscrutabilis
1275 2729 1350 2793 in
1381 2727 1688 2805 consiliis,
1722 2727 1871 2793 Rex
1902 2726 2203 2803 coelestis,
2252 2726 2387 2806 Qlfi
2418 2725 2617 2811 digne
2642 2726 2929 2835 ἲίοἰέῗῃξῖἷ,

497 2828 789 2916 flagellat
813 2828 836 2867 ¹
880 2829 1050 2895 filios
1097 2850 1260 2919 quos
1307 2830 1546 2916 diligit,
1578 2828 1873 2895 ostendit
1901 2828 2286 2915 plerumque
2316 2828 2621 2914 peccanti
2642 2824 2931 2918 ξξιὲὴὲἱξῑοξζθ

492 2930 736 3015 populo
813 2928 951 2995 Suo
1027 2932 1208 3009 dura,
1269 2935 1612 3017 peccantes
1688 2935 1957 3017 propter
2016 2930 2405 3015 iniquitates
2465 2948 2617 2994 suas
2642 2926 2695 2968 ⁰¹
2708 2924 2932 2970 Dumm-

498 3029 920 3108 humillimas,
954 3035 1034 3096 ut
1076 3032 1185 3110 sic,
1231 3032 1318 3097 ad
1364 3053 1436 3097 se
1477 3032 1738 3110 reversi,
1787 3032 2091 3118 quaerant
2134 3030 2453 3095 humilius
2496 3050 2613 3095 no·

499 3154 652 3198 men
698 3133 876 3218 Ejus.
970 3133 1331 3199 Pensantes
1373 3134 1602 3219 itaque
1644 3134 1914 3219 quantis
1957 3152 2340 3219 guerrarum
2368 3132 2615 3197 incom-

502 3235 714 3300 modis
759 3241 830 3301 et
872 3236 1387 3303 adversitatibus
1430 3258 1566 3315 nos,
1601 3240 1670 3302 et
1713 3236 2049 3321 subjectus
2093 3236 2285 3307 nobis
2315 3234 2613 3322 populus,

505 3338 790 3423 peccatis
817 3339 1076 3417 nostris,
1107 3340 1218 3404 vel
1260 3322 1471 3425 ipsius
1500 3337 1748 3425 populi,
1779 3359 1896 3405 seu
1939 3338 2289 3423 utriusque
2316 3337 2612 3415 forsitan,

510 3438 964 3524 exigentibus„
995 3438 1245 3505 fuimus
1290 3462 1332 3506 a
1375 3440 1590 3527 longis
1619 3446 1796 3506 retro
1826 3440 2247 3526 temporibus,
2296 3443 2365 3505 et
2392 3439 2611 3505 adhuc

512 3561 755 3618 sumus,
825 3541 1204 3607 immaniter
1301 3542 1604 3619 lacessiti,
1669 3562 1750 3611 ac
1814 3540 2243 3607 facultatibus
2323 3539 2611 3626 collapsi,

509 3642 802 3728 graviter
845 3631 922 3708 et'
959 3643 1310 3724 exhausti3
1369 3665 1448 3710 ac
1491 3643 1981 3729 considerantes
2036 3642 2401 3729 periculosa
2481 3643 2616 3707 dis-

511 3744 788 3810 crimina
828 3745 1021 3810 nobis
1065 3750 1137 3811 et
1179 3746 1424 3813 nostris
1488 3746 1941 3811 verisimiliter
2000 3745 2436 3823 imminentia,
2483 3744 2619 3809 nisi

511 3844 743 3912 divina
786 3846 1214 3915 Providentia
1276 3849 1662 3916 clementius
1730 3848 2098 3935 respexerit
2157 3870 2278 3914 nos
2331 3870 2417 3914 ex
2460 3848 2615 3927 a1t0,

509 3947 584 4012 in
627 3952 820 4015 tanta
862 3950 1299 4017 tribulatione
1338 3951 1662 4017 malorum
1708 3956 1779 4015 et
1826 3949 2063 4027 dolore,
2112 3950 2273 4015 dum
2323 3954 2617 4015 nostram

510 4051 944 4137 conspicimus
973 4052 1548 4139 imperfectionem,
1583 4052 1882 4119 divinam
1914 4052 2437 4139 contemplamur
2480 4073 2618 4116 om—

507 4152 985 4237 nipotentiam;
1031 4158 1366 4242 sperantes
1413 4156 1591 4242 quod
1627 4154 1853 4240 justus
1896 4152 1944 4220 J
1944 4153 2139 4231 adeiz,
2169 4172 2376 4219 verax
2419 4152 2617 4229 Deus,

512 4252 798 4340 benigne
843 4256 1148 4343 respiciet
1191 4278 1406 4325 causae
1450 4261 1694 4323 nostrae
1739 4256 2092 4323 veritatem
2145 4260 2216 4321 et
2264 4254 2617 4341 justitiam,

512 4358 583 4419 et
647 4355 1031 4424 humiliabit
1095 4358 1651 4436 calumniatorem,
1701 4363 1770 4424 et
1835 4359 1944 4436 sic,
1994 4358 2119 4423 sub
2182 4355 2623 4421 miserationis

513 4456 759 4525 divinae
827 4460 1084 4541 fiducia,
1146 4485 1284 4529 rem
1351 4463 1806 4551 aggredientes
1881 4462 2173 4540 arduam,
2250 4460 2625 4546 passagium

413 4628 425 4635 ,
511 4565 811 4627 nostrum
879 4585 1107 4631 versus
1174 4570 1394 4651 partes
1455 4566 1750 4632 Franciae
1814 4563 2281 4642 ordinavimus,
2326 4562 2625 4628 validum

1323 4795 1344 4831 ²
1377 4796 1616 4851 Hebrews
1637 4796 1725 4849 xii.
1753 4802 1801 4849 6.

2184 4892 2212 4942 1
2242 4892 2270 4942 1
2316 4878 2358 4941 2
