3592 5817
1001 899 1398 949 REGISTRUM
1445 898 1851 950 PALATINUM
1898 901 2384 950 DUNELMENSE.
2613 886 2738 950 255
2758 948 2765 954 .

645 1084 876 1150 darum
939 1084 1032 1150 sic
1093 1089 1318 1171 captae,
1374 1083 1620 1150 eisdem
1673 1085 1877 1170 juxta.
1936 1083 2380 1170 quantitatem
2440 1084 2526 1150 ab
2586 1083 2745 1170 ipsis
2799 1101 2911 1148 11).
2930 1106 3047 1148 1³40.

643 1192 920 1273 captam,
990 1191 1059 1254 et
1133 1192 1347 1252 ratam
1413 1187 1734 1272 portionis
1811 1187 2271 1272 supradictam,
2349 1187 2429 1252 de
2504 1186 2746 1274 quibus

641 1291 832 1356 nobis
864 1293 964 1356 est
993 1311 1392 1376 responsum,
1426 1294 1495 1355 et
1525 1290 1700 1374 quod
1731 1281 1931 1368 etiam
1963 1289 2035 1353 in
2071 1288 2377 1355 manibus
2406 1294 2745 1376 captorum

643 1391 1122 1478 praedictorum,
1146 1395 1468 1477 promptae
1499 1391 1650 1468 sint,
1683 1391 1889 1468 nobis,
1933 1412 2049 1456 seu
2080 1390 2229 1456 aliis
2276 1391 2541 1456 nomine
2596 1412 2747 1456 nos-

642 1499 766 1569 tr0,
803 1493 1176 1569 liberandae,
1209 1492 1282 1556 in
1311 1491 1621 1577 praesenti
1667 1487 1971 1577 captione
2011 1497 2081 1556 et
2116 1491 2490 1577 provisione
2523 1492 2743 1556 debite

644 1594 1046 1672 allocentur3
1091 1599 1158 1658 et
1204 1593 1380 1679 quod
1427 1614 1650 1658 omnes
1697 1592 1869 1658 lanae
1913 1593 2264 1680 praedictae,
2310 1592 2406 1658 sic
2450 1593 2536 1658 ad
2581 1615 2745 1680 opus

645 1701 944 1760 nostrum
1001 1695 1142 1780 jam
1211 1695 1635 1781 providendae
1703 1700 1773 1760 et
1836 1695 2195 1780 capiendae,
2240 1695 2327 1760 ad
2396 1695 2743 1781 capitalem

645 1799 986 1864 civitatem
1027 1799 1168 1862 sive
1200 1797 1443 1876 villam,
1476 1798 1584 1862 vel
1617 1797 1830 1862 ,8118111
1875 1797 2105 1862 villam
2146 1819 2263 1862 seu
2309 1797 2541 1875 locum,
2575 1799 2744 1883 ejus-

647 1901 796 1964 dem
829 1901 1193 1978 comitatus
1240 1904 1440 1987 prout
1485 1899 1571 1964 ad
1615 1899 1831 1984 majus
1877 1899 2289 1964 commodum
2334 1905 2631 1964 nostrum
2678 1906 2749 1965 et

645 2001 1016 2068 celeriorem
1061 2000 1548 2088 expeditionem
1593 2001 2009 2086 negotiorum
2035 2003 2427 2066 -nostrorum
2473 2001 2747 2086 praedic-
2831 2013 2870 2088 ¹¹·
2886 2013 2963 2056 ³1⁷
2980 2011 3024 2056 b·

643 2109 862 2169 torum
915 2103 1224 2190 expedire
1276 2103 1628 2180 videbitur,
1677 2103 1764 2168 ad
1810 2108 2115 2188 sumptus
2144 2103 2455 2168 villarum
2486 2110 2556 2169 et
2600 2125 2746 2190 per-

645 2228 952 2272 sonarum
984 2227 1265 2290 quarum
1293 2205 1558 2282 fuerint,
1595 2205 1894 2271 celeriter
1938 2206 2395 2286 adducantur3
2440 2207 2537 2272 ita
2568 2209 2745 2292 quod

645 2311 782 2376 sint
826 2309 1072 2375 ibidem
1118 2310 1191 2374 in
1236 2309 1520 2374 crastino
1552 2307 1781 2374 Sancti
1815 2308 2037 2393 Egidii
2068 2309 2368 2394 proxime
2398 2309 2626 2376 futuro
2657 2312 2744 2376 ad

643 2411 994 2490 ultimum3
1053 2410 1330 2496 singulis
1375 2409 1870 2476 vicecomitibus
1932 2411 2366 2475 comitatuum
2414 2412 2532 2476 ubi
2578 2411 2747 2480 lanae
2828 2437 2841 2454 ’

646 2512 780 2577 illae
827 2513 921 2578 sic
965 2517 1176 2598 captae
1241 2511 1508 2588 fuerint,
1553 2532 1630 2576 ac
1704 2510 1853 2576 aliis
1884 2511 2083 2576 certis
2128 2511 2435 2577 fidelibus
2488 2515 2745 2591 nostriS,

648 2615 733 2680 ad
797 2614 980 2680 lanas
1044 2614 1207 2691 illas,
1254 2613 1391 2678 una
1435 2635 1584 2678 cum
1653 2613 1815 2698 ipsis
1874 2613 2390 2692 vicecomitibus,
2439 2616 2528 2680 ad
2584 2636 2750 2702 opus

648 2721 945 2780 nostrum
1010 2713 1430 2801 recipiendae,
1495 2713 1849 2798 deputatis»,
1920 2736 2038 2799 per
2112 2715 2501 2780 indenturas
2576 2719 2751 2783 inter

649 2840 759 2884 eos
835 2823 903 2882 et
991 2816 1166 2904 ipsos
1241 2816 1656 2883 vicecomites
1731 2835 1809 2882 ac
1882 2816 2093 2882 dictos
2119 2815 2142 2855 ¹
2218 2818 2313 2884 sic
2382 2819 2781 2904 (111111ιωῦ03,-

649 2941 996 2985 numerum
1065 2940 1411 2995 saccorum,
1474 2917 1615 2982 sive
1679 2922 2016 3002 petrarum
2077 2918 2185 2983 vel
2253 2919 2605 3000 clavorum,
2674 2943 2752 2988 ac

648 3022 952 3108 pretium,
985 3021 1058 3085 in
1088 3021 1332 3086 eisdem
1365 3017 1787 3085 comitatibus
1807 3017 1834 3058 ²
1878 3019 2043 3085 alias
2088 3021 2267 3106 apud
2314 3021 2751 3109 Notyngham

650 3125 1044 3201 ordinatum,
1091 3122 1518 3203 continentes„
1573 3121 1660 3188 ad
1705 3143 1870 3207 opus
1915 3127 2215 3189 nostrum
2260 3122 2646 3203 liberandas,
2678 3131 2750 3191 et

651 3225 890 3291 exinde
934 3226 1020 3291 ad
1081 3231 1328 3311 portus,
1357 3223 1474 3289 ubi
1528 3245 1636 3289 eas
1681 3223 1754 3287 in
1797 3224 2082 3288 navibus
2129 3226 2372 3290 carceri
2417 3227 2749 3292 ordinavi-

633 3349 814 3406 mus,
847 3327 932 3392 ad
961 3331 1265 3412 sumptus
1310 3315 1581 3401 nosti-os,
1614 3324 1959 3390 ducendas.
2055 3324 2377 3410 Quodque
2408 3327 2569 3392 dieti
2601 3349 2751 3413 cap-

650 3435 824 3495 tores
871 3434 940 3494 et
986 3428 1352 3514 provisores
1397 3425 1560 3492 alias
1613 3425 1699 3490 ad
1759 3426 1941 3491 dicta
1990 3447 2102 3490 xx.
2150 3425 2363 3492 millia.
2418 3449 2751 3495 saccorum

651 3528 976 3616 capienda
1023 3527 1359 3614 assignati,
1407 3527 1481 3591 in
1533 3526 1853 3592 comitatu
1915 3527 2029 3591 ubi
2090 3526 2188 3593 sic
2231 3527 2497 3594 fuerant
2548 3531 2753 3616 depu-

652 3621 798 3708 t'ati,
852 3629 1287 3716 praesentibus
1363 3627 1732 3694 collectioni
1791 3633 1862 3692 et
1926 3628 2303 3713 provisioni,
2349 3649 2467 3718 per
2526 3654 2611 3710 se,
2644 3633 2752 3698 vel
2993 3647 3038 3658 ·‘

653 3734 740 3798 ab
784 3731 946 3817 ipsis
991 3732 1359 3821 deputatos
1405 3720 1717 3794 intersint
1760 3729 1848 3794 ad
1908 3729 2395 3797 informandum
2457 3740 2752 3820 captores

654 3835 982 3899 dictarum
1057 3832 1358 3898 lanarum
1427 3852 1589 3916 quos
1646 3831 1788 3916 jam
1852 3831 1939 3897 ad
2004 3831 2130 3898 hoc
2189 3833 2503 3901 duximus
2548 3840 2752 3924 assig-
2832 3881 2840 3892 -

654 3935 921 4012 nendos,
955 3934 1036 3998 de
1083 3933 1458 4017 quantitate
1505 3932 1674 3998 lanae
1720 3954 1837 4018 per
1866 3933 2041 4018 ipsos
2087 3937 2313 4019 captae,
2346 3940 2415 4002 et
2460 3939 2752 4024 personis

653 4058 696 4101 8
741 4035 980 4120 quibus
1025 4055 1134 4098 eas
1181 4033 1514 4119 ceperint3
1559 4033 1656 4104 ita
1701 4032 1878 4118 quod
1921 4055 2039 4118 per
2082 4033 2207 4100 hoc
2252 4035 2467 4102 doceri
2513 4039 2751 4118 valeat,
2818 4105 2832 4117 ,

655 4159 804 4224 quae
848 4157 1142 4223 personae
1188 4134 1536 4200 onerandae
1589 4134 1695 4199 vel
1741 4135 2175 4201 exonerandae
2220 4136 2471 4203 fuerint
2512 4141 2586 4204 in
2630 4141 2755 4208 hae

652 4245 875 4328 parte:
940 4235 1243 4323 quodque
1311 4236 1608 4303 homines
1669 4237 1752 4302 de
1796 4236 2220 4302 comitatibus
2266 4238 2617 4307 Oornubiae
2686 4249 2755 4309 et

654 4341 988 4418 Devoniae‚
1035 4339 1151 4404 ubi
1218 4338 1387 4404 lanae
1432 4357 1566 4403 non
1625 4342 1798 4413 sunt,
1847 4339 1927 4402 ut
1988 4338 2245 4416 dicitur,
2293 4347 2751 4427 competentes

651 4447 881 4524 emant
925 4447 994 4508 et
1057 4438 1391 4527 provideri
1437 4435 1687 4504 faciant
1731 4437 1899 4503 alias
1941 4438 2126 4504 lanas
2186 4438 2261 4504 in
2303 4440 2462 4508 locis
2506 4445 2752 4510 eisdem

653 4544 1074 4612 comitatibus
1120 4540 1713 4629 propinquioribus,
1746 4544 1945 4625 prout
1988 4541 2075 4606 ad
2119 4541 2409 4627 ipsorum
2440 4546 2751 4631 majorem

721 4777 740 4812 ¹
774 4791 839 4828 ac
861 4775 1016 4828 dictos
1038 4775 1268 4840 repeated
1289 4775 1346 4827 in
1369 4774 1496 4842 orig.
1691 4774 1702 4842 Ι
1814 4771 1839 4806 ²
1868 4778 1969 4824 σοηῑ
1992 4773 2047 4825 in
2067 4775 2195 4842 orig.
