3592 5817
632 1063 745 1108 Aa).
760 1065 877 1108 1340.

938 845 1068 913 246
1300 857 1694 914 eremmon
1741 861 2147 916 PALATmtm
2194 861 2680 914 DUNELMENSE.

936 1049 1231 1137 singulis,
1286 1049 1358 1115 in
1425 1050 1680 1116 virtute
1739 1055 1987 1116 sanctae
2050 1048 2459 1127 obedientiae,
2522 1053 2593 1113 et
2654 1046 2779 1112 sub
2839 1043 3043 1108 infra-

935 1153 1195 1238 scriptis
1283 1152 1514 1238 poepis,
1577 1152 2001 1240 injungimus,
2078 1156 2150 1217 et
2234 1151 2531 1217 districte
2606 1145 3043 1236 praecipiendo

936 1254 1341 1332 mandamus,
1388 1242 1702 1339 quatinus
1763 1253 1939 1318 infra
1999 1252 2279 1340 triginta
2346 1253 2602 1344 dierum
2666 1248 2957 1335 spatium
3000 1249 3063 1310 a‘

935 1354 1182 1421 notitia
1225 1355 1567 1442 praesentis
1633 1377 1970 1441 processus
2031 1341 2244 1420 nostri
2312 1358 2772 1420 contentorum
2831 1349 2905 1414 in
2964 1369 3039 1412 eo

937 1458 1470 1544 computandum,
1517 1458 1696 1544 quod
1741 1457 1837 1524 eis
1882 1457 2187 1522 omnibus
2232 1463 2303 1522 et
2346 1456 2624 1542 singulis
2667 1475 2787 1541 pro
2832 1451 3041 1518 moni-

897 1591 905 1596 ·
936 1561 1116 1626 tione
1147 1561 1473 1638 canonica,
1500 1565 1569 1626 et
1599 1560 1813 1648 terti0,
1846 1559 2303 1646 peremptoria,
2324 1557 2714 1626 necessitate
2745 1561 3037 1642 urgente,

909 1667 1162 1760 -tenore
1236 1662 1663 1748 praesentium
1730 1661 2142 1748 assignamus
2202 1661 2407 1738 vobis
2468 1681 2585 1726 seu
2661 1657 3037 1744 deputando

795 1761 810 1778 ⁰
936 1770 1156 1831 vestro
1201 1764 1488 1851 periculo
1533 1764 1620 1829 ad
1670 1762 1796 1829 hoc
1839 1783 1883 1829 a
1925 1764 2149 1840 vobis„
2177 1762 2442 1828 solvant
2484 1761 2751 1826 nomine
2796 1765 3035 1836 nostre,

681 3114 712 3160 1.
737 3119 827 3162 81⁶.

935 1885 1050 1930 seu
1125 1859 1564 1941 contribuant,
1631 1863 1880 1949 absque
1954 1863 2135 1928 omni
2209 1861 2613 1942 difficultate,
2660 1882 2780 1947 pro
2844 1860 3037 1925 dictis

907 1965 1175 2031 -nostris
1197 1964 1790 2052 procurationibus
1844 1971 1915 2030 et
1974 1965 2229 2033 ratione
2274 1964 2811 2051 procurationum
2856 1961 3037 2028 tertii

934 2067 1276 2152 praesentis
1321 2065 1479 2135 anni
1525 2065 1844 2152 praedicta
1864 2065 2171 2150 ‘quilibet
2199 2066 2511 2131 videlicet
2554 2069 2813 2151 partem
2852 2086 3037 2129 suam

933 2175 1004 2234 et
1047 2189 1198 2234 eum
1261 2169 1769 2256 contingentem,
1816 2169 2073 2235 ratione
2126 2169 2481 2248 fructuum,
2504 2169 2923 2246 reddituum,
2970 2175 3039 2233 et

933 2276 1373 2357 proventuum
1421 2271 1791 2337 eorundem.
1908 2271 2235 2337 Praeterea
2296 2293 2431 2349 vos,
2498 2270 2838 2336 dominum
2902 2270 3037 2356 epi-

931 2390 1215 2460 scopum,
1261 2372 1599 2451 vicarium,
1631 2378 1702 2439 et
1743 2372 1908 2438 alios
1952 2373 2335 2451 antedictOS,
2382 2378 2453 2439 et
2498 2372 2859 2459 quemlibet
2893 2394 3037 2437 ves·

931 2481 1127 2554 trum,
1174 2475 1569 2561 requirimus
1598 2480 1667 2541 et
1697 2496 2053 2553 monemus,
2086 2475 2281 2542 modo
2312 2481 2381 2540 et
2426 2475 2640 2541 forma
2668 2475 3035 2561 praemissis,

931 2579 1248 2664 vobisque
1313 2583 1383 2644 et
1455 2584 1752 2645 vestrum
1812 2577 2090 2664 singulis
2144 2577 2571 2666 injungimus
2641 2577 3035 2644 auctoritate

929 2681 1262 2768 praedicta,
1309 2685 1378 2744 et
1423 2680 1718 2746 districte
1763 2679 2203 2766 praecipiendo
2256 2679 2661 2756 mandamuS,
2711 2683 3037 2765 quatenus

929 2802 972 2846 a
1037 2781 1144 2845 die
1207 2781 1597 2873 receptionis
1663 2781 2090 2867 praesentium
2153 2781 2495 2846 literarum
2550 2781 2726 2846 infra
2792 2779 3035 2866 viginti

929 2883 1089 2960 dice,
1135 2903 1298 2968 quos
1328 2882 1519 2947 vobis
1551 2887 1620 2948 et
1659 2883 1935 2948 cuilibet
1964 2888 2275 2961 vestrum,
2308 2905 2393 2948 ex
2438 2882 2653 2949 causis
2684 2882 3052 2968 praedictis.

931 3006 1048 3072 pro
1092 2985 1455 3056 monitione
1499 2985 1827 3064 canonica,
1873 2992 1955 3064 et,
2003 2987 2217 3064 tertio,
2265 2987 2705 3074 peremptoria
2746 2986 3035 3072 assigna—

931 3107 1182 3164 namus,
1231 3093 1621 3172 praesentem
1667 3093 1966 3153 nostrum
2012 3109 2399 3174 processum,
2448 3109 2565 3153 seu
2610 3093 2922 3153 contenta
2964 3087 3037 3152 in

932 3211 1024 3267 eo,
1072 3190 1159 3254 ad
1199 3189 1509 3256 notitiam
1572 3189 1867 3255 omnium
1926 3195 1997 3256 et
2055 3191 2465 3277 singulorum
2526 3213 2689 3276 quos
2752 3205 3037 3278 praesens

929 3291 1270 3378 negotium
1317 3291 1551 3378 tangit,
1585 3291 1903 3358 deducere
1947 3313 2065 3377 per
2094 3314 2212 3358 vos
2242 3292 2351 3357 vel
2396 3291 2619 3370 alium,
2652 3313 2770 3358 seu
2816 3292 3035 3377 [alios]
3098 3375 3109 3382 -

932 3393 1284 3480 diligenter
1326 3399 1396 3458 et
1439 3392 1690 3460 solicite
1729 3393 2106 3478 procuretis.
2202 3393 2292 3460 Et
2335 3394 2597 3480 proviso
2634 3393 3033 3479 diligentius,

929 3519 1014 3564 ne
1059 3519 1176 3584 per
1218 3519 1352 3574 vos,
1399 3497 1507 3562 vel
1553 3518 1661 3562 eos
1705 3517 1869 3582 quos
1912 3497 1999 3562 ad
2046 3496 2171 3562 hoc
2215 3497 2636 3583 deputabitis,
2684 3498 3033 3583 quicquam

930 3601 1211 3667 scienter
1239 3600 1418 3664 ultra
1462 3599 1871 3684 quantitates
1903 3599 2159 3664 debitas
2201 3605 2272 3664 et
2300 3600 2671 3665 moderatas
2716 3620 3035 3685 expensas

931 3724 1094 3788 quas
1157 3701 1488 3786 occasione
1549 3700 1764 3786 hujus,
1812 3701 1955 3766 fieri
2008 3701 2376 3788 contigerit,
2425 3702 2748 3789 exigatur,
2794 3703 3041 3768 contri-

867 3879 878 3890 ,
931 3803 1156 3870 buatis
1231 3803 1303 3866 in
1377 3803 1539 3890 ipsis
1615 3803 2187 3889 procurationibus
2256 3810 2326 3869 et
2400 3806 2705 3892 expensis
2780 3806 3036 3872 ratione

929 3906 1282 3982 fructuum,
1343 3937 1358 3954 ·
1373 3910 1833 3990 proventuum,
1926 3911 1995 3971 et
2083 3906 2558 3972 obventionum
2648 3913 3033 3986 vestrorum,

930 4013 1255 4094 quantum
1323 4007 1753 4078 consimiliter
1828 4029 1947 4073 vos
2014 4008 2356 4094 contingit.
2473 3999 2769 4096 Insuper,
2823 4015 3035 4076 totam

930 4111 1275 4198 pecuniam
1321 4130 1520 4195 quam
1564 4110 1647 4175 de
1715 4114 1784 4174 et
1846 4131 1965 4195 pro
2028 4110 2597 4196 procurationibus
2662 4111 2839 4197 ipsis,
2886 4134 3037 4178 nec—

930 4234 1065 4279 non
1109 4217 1181 4278 et
1221 4211 1623 4278 restantibus
1683 4211 1881 4297 primi
1928 4217 1998 4276 et
2039 4213 2307 4279 secundi
2368 4234 2708 4290 annorum,
2754 4235 2873 4299 per
2916 4235 3033 4280 vos

927 4315 1035 4381 vel
1081 4315 1286 4381 alium
1333 4335 1448 4380 seu
1501 4313 1681 4390 alios
1727 4312 2107 4400 colligeritis
2154 4320 2225 4381 et
2266 4315 2655 4402 receperitis,
2702 4337 2839 4381 una
2880 4337 3035 4383 cum

926 4423 1114 4506 parte
1161 4439 1294 4496 vos,
1327 4420 1406 4482 ut
1450 4415 1897 4503 praemittitur,
1928 4416 2366 4504 contingente,
2398 4417 2573 4484 infra
2615 4423 2749 4484 tres
2779 4439 3033 4486 menses

927 4541 968 4586 a
1041 4519 1548 4605 praesentatione
1621 4539 1738 4584 seu
1812 4517 2260 4586 notificatione
2336 4521 2779 4606 praesentium,
2844 4521 3033 4588 vobis

923 4621 1114 4698 facta,
1162 4620 1538 4685 immediate
1583 4625 1945 4706 sequentes,
1992 4642 2155 4707 quos
2200 4622 2387 4687 vobis
2432 4645 2551 4709 pro
2597 4624 3035 4712 peremptoria

923 4722 1137 4801 tertio,
1185 4727 1253 4789 et·
1297 4722 1658 4792 monitione
1703 4714 2033 4804 canonica,
2078 4724 2507 4814 assignamus,
2550 4727 2640 4792 ad
2685 4724 3029 4794 civitatem
