<?xml version="1.0" encoding="UTF-8"?>
<!DOCTYPE html PUBLIC "-//W3C//DTD XHTML 1.0 Transitional//EN"
    "http://www.w3.org/TR/xhtml1/DTD/xhtml1-transitional.dtd">
<html xmlns="http://www.w3.org/1999/xhtml" xml:lang="en" lang="en">
 <head>
  <title>
</title>
<meta http-equiv="Content-Type" content="text/html;charset=utf-8" />
  <meta name='ocr-system' content='tesseract 3.04.00' />
  <meta name='ocr-capabilities' content='ocr_page ocr_carea ocr_par ocr_line ocrx_word'/>
</head>
<body>
  <div class='ocr_page' id='page_1' title='image "./registrumpalati00unkngoog_0325.png"; bbox 0 0 3592 5817; ppageno 0'>
   <div class='ocr_carea' id='block_1_1' title="bbox 474 1054 838 1121">
    <p class='ocr_par' dir='ltr' id='par_1_1' title="bbox 474 1054 838 1121">
     <span class='ocr_line' id='line_1_1' title="bbox 474 1054 838 1121; baseline -0.008 0"><span class='ocrx_word' id='word_1_1' title='bbox 474 1059 481 1067; x_wconf 90' lang='grc'><strong>’</strong></span> <span class='ocrx_word' id='word_1_2' title='bbox 593 1054 838 1121; x_wconf 49' lang='lat' dir='ltr'><strong>mnus.</strong></span> 
     </span>
    </p>
   </div>
   <div class='ocr_carea' id='block_1_2' title="bbox 570 1906 763 1951">
    <p class='ocr_par' dir='ltr' id='par_1_2' title="bbox 570 1906 763 1951">
     <span class='ocr_line' id='line_1_2' title="bbox 570 1906 763 1951; baseline -0.016 0"><span class='ocrx_word' id='word_1_3' title='bbox 570 1906 635 1951; x_wconf 81' lang='lat' dir='ltr'><strong>Pe</strong></span> <span class='ocrx_word' id='word_1_4' title='bbox 634 1914 763 1949; x_wconf 73' lang='lat' dir='ltr'><strong>raons</strong></span> 
     </span>
    </p>
   </div>
   <div class='ocr_carea' id='block_1_3' title="bbox 571 1954 871 2007">
    <p class='ocr_par' dir='ltr' id='par_1_3' title="bbox 571 1954 871 2007">
     <span class='ocr_line' id='line_1_3' title="bbox 571 1954 871 2007; baseline 0 -9"><span class='ocrx_word' id='word_1_5' title='bbox 571 1954 793 1999; x_wconf 75' lang='lat' dir='ltr'><strong>ordained</strong></span> <span class='ocrx_word' id='word_1_6' title='bbox 808 1954 871 2007; x_wconf 75' lang='lat' dir='ltr'><strong>by</strong></span> 
     </span>
    </p>
   </div>
   <div class='ocr_carea' id='block_1_4' title="bbox 571 2004 801 2115">
    <p class='ocr_par' dir='ltr' id='par_1_4' title="bbox 571 2004 801 2106">
     <span class='ocr_line' id='line_1_4' title="bbox 571 2004 789 2053; baseline -0.009 -5"><span class='ocrx_word' id='word_1_7' title='bbox 571 2004 789 2053; x_wconf 65' lang='lat' dir='ltr'><strong>maharu,</strong></span> 
     </span>
     <span class='ocr_line' id='line_1_5' title="bbox 572 2055 801 2115; baseline 0 -18"><span class='ocrx_word' id='word_1_8' title='bbox 572 2055 705 2099; x_wconf 81' lang='lat' dir='ltr'><strong>bisho</strong></span> <span class='ocrx_word' id='word_1_9' title='bbox 678 2066 781 2115; x_wconf 80' lang='lat' dir='ltr'><strong>opo</strong></span> <span class='ocrx_word' id='word_1_10' title='bbox 752 2055 801 2097; x_wconf 73' lang='lat' dir='ltr'><strong>or</strong></span> 
     </span>
    </p>
   </div>
   <div class='ocr_carea' id='block_1_5' title="bbox 901 857 2730 920">
    <p class='ocr_par' dir='ltr' id='par_1_5' title="bbox 901 857 2730 920">
     <span class='ocr_line' id='line_1_6' title="bbox 901 857 2730 920; baseline -0.003 0"><span class='ocrx_word' id='word_1_11' title='bbox 901 857 1031 920; x_wconf 85' lang='lat'><strong>130</strong></span> <span class='ocrx_word' id='word_1_12' title='bbox 1262 867 1657 918; x_wconf 70' lang='lat' dir='ltr'>REGISTRUM</span> <span class='ocrx_word' id='word_1_13' title='bbox 1704 866 2109 917; x_wconf 62' lang='lat' dir='ltr'><strong>murmura</strong></span> <span class='ocrx_word' id='word_1_14' title='bbox 2155 866 2642 917; x_wconf 73' lang='lat' dir='ltr'>DUNELMENSE.</span> <span class='ocrx_word' id='word_1_15' title='bbox 2721 896 2730 899; x_wconf 55' lang='grc'><strong>.-</strong></span> 
     </span>
    </p>
   </div>
   <div class='ocr_carea' id='block_1_6' title="bbox 988 1050 2826 1726">
    <p class='ocr_par' dir='ltr' id='par_1_6' title="bbox 989 1050 2171 1137">
     <span class='ocr_line' id='line_1_7' title="bbox 989 1050 2171 1137; baseline -0.001 -19"><span class='ocrx_word' id='word_1_16' title='bbox 989 1050 1359 1118; x_wconf 90' lang='lat' dir='ltr'><strong>Willelmus</strong></span> <span class='ocrx_word' id='word_1_17' title='bbox 1405 1051 1513 1117; x_wconf 88' lang='lat' dir='ltr'><strong>del</strong></span> <span class='ocrx_word' id='word_1_18' title='bbox 1556 1051 1752 1137; x_wconf 84' lang='lat' dir='ltr'><strong>Haye</strong></span> <span class='ocrx_word' id='word_1_19' title='bbox 1797 1051 1882 1117; x_wconf 89' lang='lat' dir='ltr'><strong>de</strong></span> <span class='ocrx_word' id='word_1_20' title='bbox 1927 1052 2171 1117; x_wconf 87' lang='lat' dir='ltr'><strong>eadem.</strong></span> 
     </span>
    </p>

    <p class='ocr_par' dir='ltr' id='par_1_7' title="bbox 992 1151 2142 1236">
     <span class='ocr_line' id='line_1_8' title="bbox 992 1151 2142 1236; baseline -0.003 -17"><span class='ocrx_word' id='word_1_21' title='bbox 992 1152 1328 1219; x_wconf 86' lang='lat' dir='ltr'><strong>Gilbertus</strong></span> <span class='ocrx_word' id='word_1_22' title='bbox 1372 1152 1480 1217; x_wconf 88' lang='lat' dir='ltr'><strong>del</strong></span> <span class='ocrx_word' id='word_1_23' title='bbox 1526 1152 1722 1236; x_wconf 86' lang='lat' dir='ltr'><strong>Haye</strong></span> <span class='ocrx_word' id='word_1_24' title='bbox 1768 1152 1852 1216; x_wconf 90' lang='lat' dir='ltr'><strong>de</strong></span> <span class='ocrx_word' id='word_1_25' title='bbox 1897 1151 2142 1216; x_wconf 88' lang='lat' dir='ltr'><strong>eadem.</strong></span> 
     </span>
    </p>

    <p class='ocr_par' dir='ltr' id='par_1_8' title="bbox 988 1250 2583 1438">
     <span class='ocr_line' id='line_1_9' title="bbox 988 1250 2583 1337; baseline -0.006 -17"><span class='ocrx_word' id='word_1_26' title='bbox 988 1253 1317 1319; x_wconf 86' lang='lat' dir='ltr'><strong>Robertus</strong></span> <span class='ocrx_word' id='word_1_27' title='bbox 1360 1253 1539 1317; x_wconf 89' lang='lat' dir='ltr'><strong>filius</strong></span> <span class='ocrx_word' id='word_1_28' title='bbox 1583 1251 1865 1317; x_wconf 88' lang='lat' dir='ltr'><strong>Walteri</strong></span> <span class='ocrx_word' id='word_1_29' title='bbox 1910 1251 1992 1316; x_wconf 92' lang='lat' dir='ltr'><strong>de</strong></span> <span class='ocrx_word' id='word_1_30' title='bbox 2037 1250 2499 1337; x_wconf 85' lang='lat' dir='ltr'><strong>Bysshopton’.</strong></span> <span class='ocrx_word' id='word_1_31' title='bbox 2577 1302 2583 1311; x_wconf 96' lang='lat'><em>.</em></span> 
     </span>
     <span class='ocr_line' id='line_1_10' title="bbox 990 1345 2408 1438; baseline -0.002 -18"><span class='ocrx_word' id='word_1_32' title='bbox 990 1354 1363 1421; x_wconf 88' lang='lat' dir='ltr'><strong>Willelmus</strong></span> <span class='ocrx_word' id='word_1_33' title='bbox 1409 1354 1491 1418; x_wconf 90' lang='lat' dir='ltr'><strong>de</strong></span> <span class='ocrx_word' id='word_1_34' title='bbox 1536 1352 1982 1438; x_wconf 80' lang='lat' dir='ltr'><strong>Bylyngham:</strong></span> <span class='ocrx_word' id='word_1_35' title='bbox 2403 1345 2408 1349; x_wconf 42' lang='lat'>⁵</span> 
     </span>
    </p>

    <p class='ocr_par' dir='ltr' id='par_1_9' title="bbox 991 1450 2804 1643">
     <span class='ocr_line' id='line_1_11' title="bbox 991 1450 2804 1521; baseline -0.003 0"><span class='ocrx_word' id='word_1_36' title='bbox 991 1455 1038 1521; x_wconf 85' lang='lat' dir='ltr'><strong>J</strong></span> <span class='ocrx_word' id='word_1_37' title='bbox 1038 1456 1327 1521; x_wconf 86' lang='lat' dir='ltr'><strong>ohannes</strong></span> <span class='ocrx_word' id='word_1_38' title='bbox 1371 1455 1548 1519; x_wconf 88' lang='lat' dir='ltr'><strong>filius</strong></span> <span class='ocrx_word' id='word_1_39' title='bbox 1594 1454 1640 1518; x_wconf 84' lang='lat' dir='ltr'><strong>J</strong></span> <span class='ocrx_word' id='word_1_40' title='bbox 1641 1454 1921 1519; x_wconf 80' lang='lat' dir='ltr'><strong>ohannis</strong></span> <span class='ocrx_word' id='word_1_41' title='bbox 1966 1452 2294 1518; x_wconf 86' lang='lat' dir='ltr'><strong>Bealassis</strong></span> <span class='ocrx_word' id='word_1_42' title='bbox 2341 1452 2424 1518; x_wconf 89' lang='lat' dir='ltr'><strong>de</strong></span> <span class='ocrx_word' id='word_1_43' title='bbox 2469 1450 2804 1519; x_wconf 84' lang='lat' dir='ltr'><strong>Wolston&#39;.</strong></span> 
     </span>
     <span class='ocr_line' id='line_1_12' title="bbox 991 1554 2180 1643; baseline -0.002 -20"><span class='ocrx_word' id='word_1_44' title='bbox 991 1557 1313 1624; x_wconf 85' lang='lat' dir='ltr'><strong>Ricardus</strong></span> <span class='ocrx_word' id='word_1_45' title='bbox 1358 1554 1706 1643; x_wconf 85' lang='lat' dir='ltr'><strong>Whytlok’</strong></span> <span class='ocrx_word' id='word_1_46' title='bbox 1753 1555 1836 1620; x_wconf 89' lang='lat' dir='ltr'><strong>de</strong></span> <span class='ocrx_word' id='word_1_47' title='bbox 1883 1554 2180 1621; x_wconf 81' lang='lat' dir='ltr'><strong>Norton&#39;.</strong></span> 
     </span>
    </p>

    <p class='ocr_par' dir='ltr' id='par_1_10' title="bbox 992 1656 2826 1726">
     <span class='ocr_line' id='line_1_13' title="bbox 992 1656 2826 1726; baseline -0.002 -1"><span class='ocrx_word' id='word_1_48' title='bbox 992 1658 1364 1726; x_wconf 87' lang='lat' dir='ltr'><strong>Willelmus</strong></span> <span class='ocrx_word' id='word_1_49' title='bbox 1408 1658 1585 1725; x_wconf 85' lang='lat' dir='ltr'><strong>filius</strong></span> <span class='ocrx_word' id='word_1_50' title='bbox 1630 1660 1676 1725; x_wconf 88' lang='lat' dir='ltr'><strong>J</strong></span> <span class='ocrx_word' id='word_1_51' title='bbox 1678 1659 1958 1725; x_wconf 86' lang='lat' dir='ltr'><strong>ohannis</strong></span> <span class='ocrx_word' id='word_1_52' title='bbox 2003 1656 2314 1726; x_wconf 84' lang='lat' dir='ltr'><strong>Marchal&#39;</strong></span> <span class='ocrx_word' id='word_1_53' title='bbox 2360 1657 2443 1722; x_wconf 90' lang='lat' dir='ltr'><strong>de</strong></span> <span class='ocrx_word' id='word_1_54' title='bbox 2488 1656 2826 1723; x_wconf 87' lang='lat' dir='ltr'><strong>Wolston’.</strong></span> 
     </span>
    </p>
   </div>
   <div class='ocr_carea' id='block_1_7' title="bbox 1442 1902 3028 2088">
    <p class='ocr_par' dir='ltr' id='par_1_11' title="bbox 1442 1902 3028 2088">
     <span class='ocr_line' id='line_1_14' title="bbox 1534 1902 3028 1991; baseline -0.003 -23"><span class='ocrx_word' id='word_1_55' title='bbox 1534 1903 1827 1968; x_wconf 87' lang='lat' dir='ltr'><strong>Nomina</strong></span> <span class='ocrx_word' id='word_1_56' title='bbox 1855 1904 2303 1985; x_wconf 78' lang='lat' dir='ltr'><strong>admissorum,</strong></span> <span class='ocrx_word' id='word_1_57' title='bbox 2337 1902 2862 1969; x_wconf 85' lang='lat' dir='ltr'><strong>examinatorum</strong></span> <span class='ocrx_word' id='word_1_58' title='bbox 2893 1922 3028 1991; x_wconf 34' lang='lat' dir='ltr'><strong>per·</strong></span> 
     </span>
     <span class='ocr_line' id='line_1_15' title="bbox 1442 2004 3011 2088; baseline -0.003 -18"><span class='ocrx_word' id='word_1_59' title='bbox 1442 2006 1939 2075; x_wconf 83' lang='lat' dir='ltr'><strong>commissarios,</strong></span> <span class='ocrx_word' id='word_1_60' title='bbox 1963 2006 2228 2082; x_wconf 85' lang='lat' dir='ltr'><strong>domini,</strong></span> <span class='ocrx_word' id='word_1_61' title='bbox 2277 2010 2344 2070; x_wconf 85' lang='lat' dir='ltr'><strong>et</strong></span> <span class='ocrx_word' id='word_1_62' title='bbox 2397 2004 2848 2070; x_wconf 87' lang='lat' dir='ltr'><strong>ordinatorum</strong></span> <span class='ocrx_word' id='word_1_63' title='bbox 2893 2024 3011 2088; x_wconf 89' lang='lat' dir='ltr'><strong>per</strong></span> 
     </span>
    </p>
   </div>
   <div class='ocr_carea' id='block_1_8' title="bbox 572 2103 3010 2292">
    <p class='ocr_par' dir='ltr' id='par_1_12' title="bbox 572 2103 3010 2292">
     <span class='ocr_line' id='line_1_16' title="bbox 572 2103 3007 2198; baseline -0.003 -23"><span class='ocrx_word' id='word_1_64' title='bbox 572 2104 837 2198; x_wconf 56' lang='grc' dir='ltr'><strong>Βξξξξξνῡ</strong></span> <span class='ocrx_word' id='word_1_65' title='bbox 806 2104 859 2147; x_wconf 63' lang='lat'><strong>⁸⁶</strong></span> <span class='ocrx_word' id='word_1_66' title='bbox 905 2103 1353 2171; x_wconf 83' lang='lat' dir='ltr'><strong>venerabilem</strong></span> <span class='ocrx_word' id='word_1_67' title='bbox 1416 2111 1689 2190; x_wconf 88' lang='lat' dir='ltr'><strong>patrem,</strong></span> <span class='ocrx_word' id='word_1_68' title='bbox 1736 2106 2080 2171; x_wconf 90' lang='lat' dir='ltr'><strong>dominum</strong></span> <span class='ocrx_word' id='word_1_69' title='bbox 2147 2106 2521 2183; x_wconf 83' lang='lat' dir='ltr'><strong>Ricardum,</strong></span> <span class='ocrx_word' id='word_1_70' title='bbox 2585 2104 2714 2169; x_wconf 92' lang='lat' dir='ltr'><strong>Dei</strong></span> <span class='ocrx_word' id='word_1_71' title='bbox 2775 2104 3007 2191; x_wconf 87' lang='lat' dir='ltr'><strong>gratia,</strong></span> 
     </span>
     <span class='ocr_line' id='line_1_17' title="bbox 607 2204 3010 2292; baseline -0.003 -15"><span class='ocrx_word' id='word_1_72' title='bbox 607 2204 1349 2273; x_wconf 45' lang='grc' dir='ltr'><strong>Α311313·Β13113131133111</strong></span> <span class='ocrx_word' id='word_1_73' title='bbox 1396 2205 1787 2292; x_wconf 89' lang='lat' dir='ltr'><strong>episcopum,</strong></span> <span class='ocrx_word' id='word_1_74' title='bbox 1857 2207 2002 2273; x_wconf 89' lang='lat' dir='ltr'><strong>vice</strong></span> <span class='ocrx_word' id='word_1_75' title='bbox 2033 2213 2102 2271; x_wconf 91' lang='lat' dir='ltr'><strong>et</strong></span> <span class='ocrx_word' id='word_1_76' title='bbox 2159 2206 2555 2273; x_wconf 87' lang='lat' dir='ltr'><strong>auctoritate</strong></span> <span class='ocrx_word' id='word_1_77' title='bbox 2613 2205 3010 2271; x_wconf 86' lang='lat' dir='ltr'><strong>venerabilis</strong></span> 
     </span>
    </p>
   </div>
   <div class='ocr_carea' id='block_1_9' title="bbox 906 2305 3014 2900">
    <p class='ocr_par' dir='ltr' id='par_1_13' title="bbox 906 2305 3014 2595">
     <span class='ocr_line' id='line_1_18' title="bbox 906 2305 3010 2421; baseline -0.001 -47"><span class='ocrx_word' id='word_1_78' title='bbox 906 2308 1119 2421; x_wconf 78' lang='lat' dir='ltr'><strong>patris</strong></span> <span class='ocrx_word' id='word_1_79' title='bbox 1174 2312 1244 2371; x_wconf 89' lang='lat' dir='ltr'><strong>et</strong></span> <span class='ocrx_word' id='word_1_80' title='bbox 1303 2306 1569 2385; x_wconf 87' lang='lat' dir='ltr'><strong>domini,</strong></span> <span class='ocrx_word' id='word_1_81' title='bbox 1616 2308 1869 2374; x_wconf 89' lang='lat' dir='ltr'><strong>domini</strong></span> <span class='ocrx_word' id='word_1_82' title='bbox 1927 2308 2210 2385; x_wconf 85' lang='lat' dir='ltr'><strong>Ricardi‚</strong></span> <span class='ocrx_word' id='word_1_83' title='bbox 2272 2307 2400 2372; x_wconf 90' lang='lat' dir='ltr'><strong>Dei</strong></span> <span class='ocrx_word' id='word_1_84' title='bbox 2459 2308 2689 2394; x_wconf 81' lang='lat' dir='ltr'><strong>gratia,</strong></span> <span class='ocrx_word' id='word_1_85' title='bbox 2755 2305 3010 2371; x_wconf 78' lang='lat' dir='ltr'><strong>Dunol&#39;-</strong></span> 
     </span>
     <span class='ocr_line' id='line_1_19' title="bbox 908 2390 3008 2493; baseline -0.002 -19"><span class='ocrx_word' id='word_1_86' title='bbox 908 2408 1151 2474; x_wconf 89' lang='lat' dir='ltr'><strong>mensis</strong></span> <span class='ocrx_word' id='word_1_87' title='bbox 1253 2406 1537 2493; x_wconf 80' lang='lat' dir='ltr'>episcopi</span> <span class='ocrx_word' id='word_1_88' title='bbox 1634 2409 1707 2472; x_wconf 90' lang='lat' dir='ltr'><strong>in</strong></span> <span class='ocrx_word' id='word_1_89' title='bbox 1783 2408 2055 2474; x_wconf 88' lang='lat' dir='ltr'><strong>ecclesia</strong></span> <span class='ocrx_word' id='word_1_90' title='bbox 2127 2390 2492 2473; x_wconf 76' lang='lat' dir='ltr'><strong>cathedrali</strong></span> <span class='ocrx_word' id='word_1_91' title='bbox 2559 2406 3008 2484; x_wconf 88' lang='lat' dir='ltr'><strong>Dunolmensi,</strong></span> 
     </span>
     <span class='ocr_line' id='line_1_20' title="bbox 909 2508 3014 2595; baseline -0.002 -18"><span class='ocrx_word' id='word_1_92' title='bbox 909 2510 1170 2578; x_wconf 78' lang='lat' dir='ltr'><strong>ordines</strong></span> <span class='ocrx_word' id='word_1_93' title='bbox 1216 2508 1551 2591; x_wconf 81' lang='lat' dir='ltr'><strong>generales</strong></span> <span class='ocrx_word' id='word_1_94' title='bbox 1595 2509 2049 2587; x_wconf 72' lang='lat' dir='ltr'><strong>celebrantem,</strong></span> <span class='ocrx_word' id='word_1_95' title='bbox 2083 2508 2189 2573; x_wconf 90' lang='lat' dir='ltr'><strong>die</strong></span> <span class='ocrx_word' id='word_1_96' title='bbox 2221 2508 2498 2574; x_wconf 86' lang='lat' dir='ltr'><strong>Sabbati</strong></span> <span class='ocrx_word' id='word_1_97' title='bbox 2543 2509 2615 2573; x_wconf 91' lang='lat' dir='ltr'><strong>in</strong></span> <span class='ocrx_word' id='word_1_98' title='bbox 2646 2508 3014 2595; x_wconf 81' lang='lat' dir='ltr'><strong>septimana</strong></span> 
     </span>
    </p>

    <p class='ocr_par' dir='ltr' id='par_1_14' title="bbox 908 2603 3011 2900">
     <span class='ocr_line' id='line_1_21' title="bbox 912 2603 3010 2695; baseline -0.001 -18.913"><span class='ocrx_word' id='word_1_99' title='bbox 912 2603 1275 2691; x_wconf 83' lang='lat' dir='ltr'><strong>“Quatuor</strong></span> <span class='ocrx_word' id='word_1_100' title='bbox 1300 2606 1751 2695; x_wconf 88' lang='lat' dir='ltr'><strong>Temporum’&#39;</strong></span> <span class='ocrx_word' id='word_1_101' title='bbox 1782 2611 1856 2673; x_wconf 89' lang='lat' dir='ltr'><strong>in</strong></span> <span class='ocrx_word' id='word_1_102' title='bbox 1885 2609 2204 2675; x_wconf 76' lang='lat' dir='ltr'><strong>Adventu</strong></span> <span class='ocrx_word' id='word_1_103' title='bbox 2247 2614 2404 2674; x_wconf 84' lang='lat' dir='ltr'><strong>ante</strong></span> <span class='ocrx_word' id='word_1_104' title='bbox 2449 2609 2693 2674; x_wconf 87' lang='lat' dir='ltr'><strong>Natale</strong></span> <span class='ocrx_word' id='word_1_105' title='bbox 2722 2605 3010 2686; x_wconf 85' lang='lat' dir='ltr'><strong>Domini,</strong></span> 
     </span>
     <span class='ocr_line' id='line_1_22' title="bbox 910 2709 3011 2796; baseline -0.001 -19"><span class='ocrx_word' id='word_1_106' title='bbox 910 2712 1247 2788; x_wconf 71' lang='lat' dir='ltr'><strong>videlicet‚&#39;</strong></span> <span class='ocrx_word' id='word_1_107' title='bbox 1296 2710 1436 2796; x_wconf 84' lang='lat' dir='ltr'><strong>xiij.</strong></span> <span class='ocrx_word' id='word_1_108' title='bbox 1483 2710 1802 2776; x_wconf 80' lang='lat' dir='ltr'><strong>kalendas</strong></span> <span class='ocrx_word' id='word_1_109' title='bbox 1860 2709 2181 2787; x_wconf 83' lang='lat' dir='ltr'><strong>Januarii,</strong></span> <span class='ocrx_word' id='word_1_110' title='bbox 2251 2732 2424 2776; x_wconf 87' lang='lat' dir='ltr'><strong>anno</strong></span> <span class='ocrx_word' id='word_1_111' title='bbox 2485 2710 2757 2775; x_wconf 89' lang='lat' dir='ltr'><strong>Domini</strong></span> <span class='ocrx_word' id='word_1_112' title='bbox 2801 2710 3011 2775; x_wconf 86' lang='lat' dir='ltr'><strong>mille-</strong></span> 
     </span>
     <span class='ocr_line' id='line_1_23' title="bbox 908 2814 1479 2900; baseline -0.002 -20"><span class='ocrx_word' id='word_1_113' title='bbox 908 2814 1077 2882; x_wconf 82' lang='lat' dir='ltr'><strong>simo</strong></span> <span class='ocrx_word' id='word_1_114' title='bbox 1121 2814 1479 2900; x_wconf 81' lang='lat' dir='ltr'><strong>occ⁰.xliij⁰,</strong></span> 
     </span>
    </p>
   </div>
   <div class='ocr_carea' id='block_1_10' title="bbox 1696 2980 2115 3068">
    <p class='ocr_par' dir='ltr' id='par_1_15' title="bbox 1696 2980 2115 3068">
     <span class='ocr_line' id='line_1_24' title="bbox 1696 2980 2115 3068; baseline -0.007 -19"><span class='ocrx_word' id='word_1_115' title='bbox 1696 2994 1701 3002; x_wconf 88' lang='grc'><strong>“</strong></span> <span class='ocrx_word' id='word_1_116' title='bbox 1833 2980 2115 3068; x_wconf 71' lang='lat' dir='ltr'><strong>Acobyti.</strong></span> 
     </span>
    </p>
   </div>
   <div class='ocr_carea' id='block_1_11' title="bbox 914 3142 3018 4772">
    <p class='ocr_par' dir='ltr' id='par_1_16' title="bbox 914 3142 3015 3418">
     <span class='ocr_line' id='line_1_25' title="bbox 1004 3142 3015 3221; baseline -0.001 -8"><span class='ocrx_word' id='word_1_117' title='bbox 1004 3147 1332 3213; x_wconf 77' lang='lat' dir='ltr'><strong>Dominus</strong></span> <span class='ocrx_word' id='word_1_118' title='bbox 1375 3146 1422 3210; x_wconf 83' lang='lat' dir='ltr'><strong>J</strong></span> <span class='ocrx_word' id='word_1_119' title='bbox 1422 3146 1713 3211; x_wconf 87' lang='lat' dir='ltr'><strong>ohannes</strong></span> <span class='ocrx_word' id='word_1_120' title='bbox 1758 3143 1841 3209; x_wconf 84' lang='lat' dir='ltr'><strong>de</strong></span> <span class='ocrx_word' id='word_1_121' title='bbox 1886 3142 2304 3221; x_wconf 87' lang='lat' dir='ltr'><strong>Thornehill&#39;,</strong></span> <span class='ocrx_word' id='word_1_122' title='bbox 2349 3147 2561 3209; x_wconf 85' lang='lat' dir='ltr'><strong>rector</strong></span> <span class='ocrx_word' id='word_1_123' title='bbox 2605 3143 2889 3210; x_wconf 69' lang='lat' dir='ltr'><strong>ecclesiae</strong></span> <span class='ocrx_word' id='word_1_124' title='bbox 2933 3144 3015 3210; x_wconf 87' lang='lat' dir='ltr'><strong>de</strong></span> 
     </span>
     <span class='ocr_line' id='line_1_26' title="bbox 914 3241 3014 3331; baseline -0.002 -16"><span class='ocrx_word' id='word_1_125' title='bbox 914 3247 1331 3327; x_wconf 85' lang='lat' dir='ltr'><strong>Thomehill&#39;,</strong></span> <span class='ocrx_word' id='word_1_126' title='bbox 1378 3268 1530 3314; x_wconf 91' lang='lat' dir='ltr'><strong>cum</strong></span> <span class='ocrx_word' id='word_1_127' title='bbox 1574 3245 1783 3312; x_wconf 71' lang='lat' dir='ltr'><strong>literis</strong></span> <span class='ocrx_word' id='word_1_128' title='bbox 1829 3241 2214 3309; x_wconf 69' lang='lat' dir='ltr'><strong>dimissoriis</strong></span> <span class='ocrx_word' id='word_1_129' title='bbox 2257 3242 2727 3331; x_wconf 81' lang='lat' dir='ltr'><strong>archiepiscopi</strong></span> <span class='ocrx_word' id='word_1_130' title='bbox 2771 3244 3014 3311; x_wconf 88' lang='lat' dir='ltr'><strong>Ebora-</strong></span> 
     </span>
     <span class='ocr_line' id='line_1_27' title="bbox 914 3350 1143 3418; baseline -0.014 0"><span class='ocrx_word' id='word_1_131' title='bbox 914 3350 1143 3418; x_wconf 87' lang='lat' dir='ltr'><strong>censis</strong></span> 
     </span>
    </p>

    <p class='ocr_par' dir='ltr' id='par_1_17' title="bbox 916 3434 3018 3739">
     <span class='ocr_line' id='line_1_28' title="bbox 1005 3434 3016 3529; baseline -0.002 -12"><span class='ocrx_word' id='word_1_132' title='bbox 1005 3450 1377 3517; x_wconf 90' lang='lat' dir='ltr'><strong>Willelmus</strong></span> <span class='ocrx_word' id='word_1_133' title='bbox 1444 3448 1554 3514; x_wconf 91' lang='lat' dir='ltr'><strong>del</strong></span> <span class='ocrx_word' id='word_1_134' title='bbox 1626 3446 2076 3523; x_wconf 83' lang='lat' dir='ltr'><strong>Wodehowse,</strong></span> <span class='ocrx_word' id='word_1_135' title='bbox 2138 3467 2289 3511; x_wconf 91' lang='lat' dir='ltr'><strong>cum</strong></span> <span class='ocrx_word' id='word_1_136' title='bbox 2353 3446 2586 3529; x_wconf 48' lang='lat' dir='ltr'><strong>literis·</strong></span> <span class='ocrx_word' id='word_1_137' title='bbox 2631 3434 3016 3513; x_wconf 80' lang='lat' dir='ltr'><strong>dimissoriis</strong></span> 
     </span>
     <span class='ocr_line' id='line_1_29' title="bbox 918 3547 3018 3637; baseline -0.002 -19"><span class='ocrx_word' id='word_1_138' title='bbox 918 3550 1387 3637; x_wconf 74' lang='lat' dir='ltr'><strong>archiepiscopi</strong></span> <span class='ocrx_word' id='word_1_139' title='bbox 1418 3547 1858 3626; x_wconf 74' lang='lat' dir='ltr'><strong>EboracensiS,</strong></span> <span class='ocrx_word' id='word_1_140' title='bbox 1892 3553 1961 3613; x_wconf 91' lang='lat' dir='ltr'><strong>et</strong></span> <span class='ocrx_word' id='word_1_141' title='bbox 2003 3548 2396 3613; x_wconf 88' lang='lat' dir='ltr'><strong>auctoritate</strong></span> <span class='ocrx_word' id='word_1_142' title='bbox 2439 3547 2612 3611; x_wconf 89' lang='lat' dir='ltr'><strong>sedis</strong></span> <span class='ocrx_word' id='word_1_143' title='bbox 2642 3548 3018 3631; x_wconf 73' lang='lat' dir='ltr'><strong>apostolicae</strong></span> 
     </span>
     <span class='ocr_line' id='line_1_30' title="bbox 916 3652 1342 3739; baseline -0.002 -23"><span class='ocrx_word' id='word_1_144' title='bbox 916 3652 1342 3739; x_wconf 82' lang='lat' dir='ltr'><strong>legitimatus.</strong></span> 
     </span>
    </p>

    <p class='ocr_par' dir='ltr' id='par_1_18' title="bbox 922 3748 3018 3938">
     <span class='ocr_line' id='line_1_31' title="bbox 1009 3748 3018 3826; baseline -0.001 -8"><span class='ocrx_word' id='word_1_145' title='bbox 1009 3752 1242 3818; x_wconf 86' lang='lat' dir='ltr'><strong>Frater</strong></span> <span class='ocrx_word' id='word_1_146' title='bbox 1315 3750 1362 3817; x_wconf 88' lang='lat' dir='ltr'><strong>J</strong></span> <span class='ocrx_word' id='word_1_147' title='bbox 1362 3750 1652 3816; x_wconf 85' lang='lat' dir='ltr'><strong>ohannes</strong></span> <span class='ocrx_word' id='word_1_148' title='bbox 1749 3750 1832 3815; x_wconf 91' lang='grc'><strong>(13</strong></span> <span class='ocrx_word' id='word_1_149' title='bbox 1894 3748 2156 3826; x_wconf 81' lang='lat' dir='ltr'><strong>Hoton’,</strong></span> <span class='ocrx_word' id='word_1_150' title='bbox 2233 3748 2521 3826; x_wconf 85' lang='lat' dir='ltr'><strong>eremita,</strong></span> <span class='ocrx_word' id='word_1_151' title='bbox 2581 3752 2766 3817; x_wconf 79' lang='lat' dir='ltr'><strong>oum&#39;</strong></span> <span class='ocrx_word' id='word_1_152' title='bbox 2807 3749 3018 3817; x_wconf 89' lang='lat' dir='ltr'><strong>literis</strong></span> 
     </span>
     <span class='ocr_line' id='line_1_32' title="bbox 922 3849 2310 3938; baseline -0.004 -19"><span class='ocrx_word' id='word_1_153' title='bbox 922 3854 1308 3921; x_wconf 86' lang='lat' dir='ltr'><strong>dimissoriis</strong></span> <span class='ocrx_word' id='word_1_154' title='bbox 1352 3851 1823 3938; x_wconf 88' lang='lat' dir='ltr'><strong>archiepiscopi</strong></span> <span class='ocrx_word' id='word_1_155' title='bbox 1870 3849 2310 3919; x_wconf 77' lang='lat' dir='ltr'><strong>Eboracensis.</strong></span> 
     </span>
    </p>

    <p class='ocr_par' dir='ltr' id='par_1_19' title="bbox 916 3951 3018 4143">
     <span class='ocr_line' id='line_1_33' title="bbox 1008 3951 3018 4021; baseline -0.002 0"><span class='ocrx_word' id='word_1_156' title='bbox 1008 3956 1243 4021; x_wconf 83' lang='lat' dir='ltr'><strong>Frater</strong></span> <span class='ocrx_word' id='word_1_157' title='bbox 1313 3955 1362 4020; x_wconf 80' lang='lat' dir='ltr'><strong>J</strong></span> <span class='ocrx_word' id='word_1_158' title='bbox 1362 3953 1655 4021; x_wconf 90' lang='lat' dir='ltr'><strong>ohannes</strong></span> <span class='ocrx_word' id='word_1_159' title='bbox 1729 3954 1812 4018; x_wconf 90' lang='lat' dir='ltr'><strong>de</strong></span> <span class='ocrx_word' id='word_1_160' title='bbox 1887 3951 2396 4019; x_wconf 80' lang='lat' dir='ltr'><strong>Hextildesham</strong></span> <span class='ocrx_word' id='word_1_161' title='bbox 2464 3951 2713 4017; x_wconf 91' lang='lat' dir='ltr'><strong>ordinis</strong></span> <span class='ocrx_word' id='word_1_162' title='bbox 2789 3952 3018 4019; x_wconf 77' lang='lat' dir='ltr'><strong>Sancti</strong></span> 
     </span>
     <span class='ocr_line' id='line_1_34' title="bbox 916 4056 1297 4143; baseline -0.003 -21"><span class='ocrx_word' id='word_1_163' title='bbox 916 4056 1297 4143; x_wconf 86' lang='lat' dir='ltr'><strong>Augustini.</strong></span> 
     </span>
    </p>

    <p class='ocr_par' dir='ltr' id='par_1_20' title="bbox 916 4152 2119 4443">
     <span class='ocr_line' id='line_1_35' title="bbox 916 4152 1920 4240; baseline -0.006 -16"><span class='ocrx_word' id='word_1_164' title='bbox 916 4160 1150 4224; x_wconf 84' lang='lat' dir='ltr'><strong>Frater</strong></span> <span class='ocrx_word' id='word_1_165' title='bbox 1193 4157 1240 4223; x_wconf 85' lang='lat' dir='ltr'><strong>J</strong></span> <span class='ocrx_word' id='word_1_166' title='bbox 1240 4156 1529 4226; x_wconf 81' lang='lat' dir='ltr'><strong>ohannes</strong></span> <span class='ocrx_word' id='word_1_167' title='bbox 1574 4152 1656 4219; x_wconf 89' lang='lat' dir='ltr'><strong>de</strong></span> <span class='ocrx_word' id='word_1_168' title='bbox 1701 4152 1920 4240; x_wconf 83' lang='lat' dir='ltr'><strong>Lydes</strong></span> 
     </span>
     <span class='ocr_line' id='line_1_36' title="bbox 917 4256 1799 4345; baseline -0.01 -17"><span class='ocrx_word' id='word_1_169' title='bbox 917 4262 1150 4327; x_wconf 86' lang='lat' dir='ltr'><strong>Frater</strong></span> <span class='ocrx_word' id='word_1_170' title='bbox 1193 4258 1394 4345; x_wconf 88' lang='lat' dir='ltr'><strong>Hugo</strong></span> <span class='ocrx_word' id='word_1_171' title='bbox 1440 4258 1522 4322; x_wconf 91' lang='lat' dir='ltr'><strong>de</strong></span> <span class='ocrx_word' id='word_1_172' title='bbox 1566 4256 1799 4322; x_wconf 81' lang='lat' dir='ltr'><strong>Ulsow</strong></span> 
     </span>
     <span class='ocr_line' id='line_1_37' title="bbox 917 4356 2119 4443; baseline -0.008 -12"><span class='ocrx_word' id='word_1_173' title='bbox 917 4365 1150 4431; x_wconf 86' lang='lat' dir='ltr'><strong>Frater</strong></span> <span class='ocrx_word' id='word_1_174' title='bbox 1192 4362 1235 4427; x_wconf 76' lang='lat' dir='ltr'><strong>‚J</strong></span> <span class='ocrx_word' id='word_1_175' title='bbox 1239 4361 1529 4427; x_wconf 85' lang='lat' dir='ltr'><strong>ohannes</strong></span> <span class='ocrx_word' id='word_1_176' title='bbox 1574 4358 1657 4423; x_wconf 89' lang='lat' dir='ltr'><strong>de</strong></span> <span class='ocrx_word' id='word_1_177' title='bbox 1702 4356 2017 4443; x_wconf 83' lang='lat' dir='ltr'><strong>Clesseby</strong></span> <span class='ocrx_word' id='word_1_178' title='bbox 2091 4394 2119 4407; x_wconf 89' lang='lat'><em>-</em></span> 
     </span>
    </p>

    <p class='ocr_par' dir='ltr' id='par_1_21' title="bbox 920 4468 3018 4662">
     <span class='ocr_line' id='line_1_38' title="bbox 1008 4468 3018 4556; baseline -0.003 -14"><span class='ocrx_word' id='word_1_179' title='bbox 1008 4476 1341 4542; x_wconf 89' lang='lat' dir='ltr'><strong>Henricus</strong></span> <span class='ocrx_word' id='word_1_180' title='bbox 1385 4474 1561 4538; x_wconf 84' lang='lat' dir='ltr'><strong>filius</strong></span> <span class='ocrx_word' id='word_1_181' title='bbox 1606 4471 1874 4537; x_wconf 83' lang='lat' dir='ltr'><strong>Ricardi</strong></span> <span class='ocrx_word' id='word_1_182' title='bbox 1904 4471 1968 4535; x_wconf 91' lang='lat' dir='ltr'><strong>le</strong></span> <span class='ocrx_word' id='word_1_183' title='bbox 2014 4468 2295 4556; x_wconf 82' lang='lat' dir='ltr'><strong>Smyth&#39;,</strong></span> <span class='ocrx_word' id='word_1_184' title='bbox 2339 4491 2494 4538; x_wconf 90' lang='lat' dir='ltr'><strong>cum</strong></span> <span class='ocrx_word' id='word_1_185' title='bbox 2538 4470 2748 4535; x_wconf 84' lang='lat' dir='ltr'><strong>literis</strong></span> <span class='ocrx_word' id='word_1_186' title='bbox 2795 4470 3018 4536; x_wconf 89' lang='lat' dir='ltr'><strong>dimis-</strong></span> 
     </span>
     <span class='ocr_line' id='line_1_39' title="bbox 920 4571 1978 4662; baseline -0.005 -19"><span class='ocrx_word' id='word_1_187' title='bbox 920 4578 1109 4644; x_wconf 87' lang='lat' dir='ltr'><strong>soriis</strong></span> <span class='ocrx_word' id='word_1_188' title='bbox 1154 4574 1441 4662; x_wconf 89' lang='lat' dir='ltr'><strong>episcopi</strong></span> <span class='ocrx_word' id='word_1_189' title='bbox 1486 4571 1978 4660; x_wconf 76' lang='lat' dir='ltr'><strong>wigorniensis·</strong></span> 
     </span>
    </p>

    <p class='ocr_par' dir='ltr' id='par_1_22' title="bbox 1007 4682 3017 4772">
     <span class='ocr_line' id='line_1_40' title="bbox 1007 4682 3017 4772; baseline -0.001 -19"><span class='ocrx_word' id='word_1_190' title='bbox 1007 4690 1240 4755; x_wconf 86' lang='lat' dir='ltr'><strong>Frater</strong></span> <span class='ocrx_word' id='word_1_191' title='bbox 1282 4688 1653 4754; x_wconf 86' lang='lat' dir='ltr'><strong>Willelmus</strong></span> <span class='ocrx_word' id='word_1_192' title='bbox 1700 4686 1781 4751; x_wconf 90' lang='lat' dir='ltr'><strong>de</strong></span> <span class='ocrx_word' id='word_1_193' title='bbox 1811 4683 2056 4770; x_wconf 84' lang='lat' dir='ltr'><strong>Derby‚</strong></span> <span class='ocrx_word' id='word_1_194' title='bbox 2089 4684 2338 4752; x_wconf 87' lang='lat' dir='ltr'><strong>ordinis</strong></span> <span class='ocrx_word' id='word_1_195' title='bbox 2380 4683 2610 4753; x_wconf 85' lang='lat' dir='ltr'><strong>Sancti</strong></span> <span class='ocrx_word' id='word_1_196' title='bbox 2638 4682 3017 4772; x_wconf 82' lang='lat' dir='ltr'><strong>Augustini.</strong></span> 
     </span>
    </p>
   </div>
   <div class='ocr_carea' id='block_1_12' title="bbox 2089 4190 3014 4364">
    <p class='ocr_par' dir='ltr' id='par_1_23' title="bbox 2089 4190 3014 4364">
     <span class='ocr_line' id='line_1_41' title="bbox 2089 4190 3014 4304; baseline 0.001 -42"><span class='ocrx_word' id='word_1_197' title='bbox 2089 4190 2120 4304; x_wconf 49' lang='grc' dir='ltr'>ἶ</span> <span class='ocrx_word' id='word_1_198' title='bbox 2211 4196 2295 4263; x_wconf 86' lang='grc'><strong>(13</strong></span> <span class='ocrx_word' id='word_1_199' title='bbox 2391 4197 2619 4263; x_wconf 87' lang='lat' dir='ltr'><strong>ordine</strong></span> <span class='ocrx_word' id='word_1_200' title='bbox 2702 4196 3014 4265; x_wconf 81' lang='lat' dir='ltr'><strong>Carmeli-</strong></span> 
     </span>
     <span class='ocr_line' id='line_1_42' title="bbox 2299 4302 2531 4364; baseline -0.009 1"><span class='ocrx_word' id='word_1_201' title='bbox 2299 4302 2531 4364; x_wconf 80' lang='lat' dir='ltr'><strong>tarum.</strong></span> 
     </span>
    </p>
   </div>
   <div class='ocr_carea' id='block_1_13' title="bbox 3558 150 3567 1300">
    <p class='ocr_par' dir='ltr' id='par_1_24' title="bbox 3558 150 3567 1300">
     <span class='ocr_line' id='line_1_43' title="bbox 3558 150 3567 1300; baseline 0 0"><span class='ocrx_word' id='word_1_202' title='bbox 3558 150 3567 1300; x_wconf 95' lang='lat' dir='ltr'><strong> </strong></span> 
     </span>
    </p>
   </div>
  </div>
 </body>
</html>
