3592 5817
2536 316 2544 326 .
2653 372 2857 489 R

2768 666 2863 779 s

1073 901 1468 953 REGISTRUM
1515 901 1921 953 PALArmUM
1967 904 2453 956 DUNELMEN’SE.
2509 917 2518 924 ·
2738 895 2821 957 19
2861 930 2900 945 »-
2964 886 2969 900 “

376 1096 464 1141 An.
477 1094 530 1139 84
546 1092 632 1141 Ed.
647 1096 684 1141 1.
710 1083 922 1171 legem
967 1094 1160 1157 terrae
1205 1094 1546 1159 terminari
1607 1116 1740 1160 non
1804 1100 2132 1181 poterunt,
2180 1116 2397 1160 coram
2434 1094 2821 1179 justiciariis
2877 1107 2988 1153 Μ).
3005 1110 3121 1155 180⁶·

658 1219 671 1229 r
709 1189 870 1257 dicti
935 1195 1106 1279 regis
1165 1197 1429 1283 Angliae
1475 1203 1546 1261 et
1609 1196 1947 1263 haeredum
2006 1217 2273 1275 suorum
2334 1196 2817 1275 itinerantibus

707 1293 794 1357 ad
867 1295 1114 1379 primas
1203 1300 1438 1365 assisas
1506 1299 1679 1365 infra
1746 1298 2095 1365 comitatus
2164 1298 2237 1361 in
2316 1298 2557 1381 quibus
2624 1302 2818 1365 terrae

706 1394 842 1461 illae
887 1397 1150 1479 fuerint,
1199 1406 1552 1469 teneantur
1611 1406 1680 1467 et
1752 1401 2194 1465 terminentur
2268 1400 2341 1463 in
2415 1400 2627 1485 primo
2702 1400 2816 1465 ad-

706 1504 915 1565 ventu
983 1502 1274 1588 ipsorum
1335 1501 1867 1589 justiciariorum,
1914 1503 2301 1589 priusquam
2376 1502 2599 1587 aliqua
2686 1503 2819 1569 alia
2876 1516 2881 1520 ’

704 1602 950 1687 placita
993 1611 1361 1685 teneantur,
1409 1606 1769 1673 secundum
1825 1606 2002 1691 quod
2054 1605 2317 1691 justum
2377 1604 2594 1683 fuerit,
2650 1627 2814 1691 prae·

571 1694 586 1701 ⁴
705 1710 890 1771 sente
936 1708 1286 1773 senescallo
1333 1710 1497 1775 dicti
1539 1708 1712 1794 regis
1767 1706 2130 1784 Scotorum,
2180 1713 2249 1772 et
2292 1707 2621 1772 assidente
2666 1712 2814 1773 tan-

706 1824 904 1887 quam
963 1806 1332 1891 justiciario
1400 1808 1487 1874 ad
1553 1809 1670 1874 illa
1735 1808 1983 1894 placita
2049 1808 2350 1873 tenenda.
2468 1808 2583 1873 Itar
2639 1809 2815 1893 quod

703 1906 933 1971 ballivi
978 1909 1088 1973 vel
1131 1909 1430 1974 homines
1475 1910 1682 1995 ipsius
1727 1910 1903 1995 regis
1958 1908 2306 1974 Scotorum
2353 1908 2439 1993 de.
2480 1908 2813 1992 praedictis

671 2007 906 2099 §terris
939 2030 1058 2093 pro
1087 2010 1275 2074 nulla
1317 2009 1820 2086 submonitione,
1855 2008 1963 2073 vel
2008 2007 2252 2093 placito
2282 2007 2520 2091 aliquo,
2568 2014 2811 2079 exeant

701 2108 1050 2175 comitatus
1109 2112 1184 2176 in
1243 2112 1484 2197 quibus
1529 2111 1865 2197 praedictae
1928 2115 2123 2175 terrae
2174 2109 2440 2175 fuerint.
2557 2109 2631 2175 Si
2677 2132 2810 2195 qua

698 2232 854 2276 vero
898 2216 1078 2277 terra
1119 2212 1454 2299 assignata
1481 2212 1684 2277 fuerit
1715 2211 1892 2277 dicto
1938 2211 2077 2297 regi
2124 2210 2469 2275 Scotorum
2515 2210 2597 2275 de
2642 2232 2808 2295 prae-

699 2313 891 2380 dictis
928 2315 1230 2381 ducentis
1274 2314 1535 2380 libratis
1575 2319 1771 2379 terrae
1804 2312 1979 2377 infra
2020 2316 2231 2377 metas
2275 2311 2550 2388 forestae,
2584 2310 2807 2395 nullus

698 2416 1076 2483 forestarius
1119 2419 1293 2504 regis
1338 2414 1601 2502 Angliae
1653 2414 1939 2479 intrabit
1980 2413 2255 2485 eandem
2301 2417 2545 2477 terram
2598 2412 2809 2496 ipsius

698 2520 870 2605 regis
915 2519 1258 2585 Scotorum
1289 2520 1376 2584 ad
1407 2516 1959 2593 manducandum,
2006 2515 2116 2579 vel
2161 2514 2651 2599 hospitandum,
2698 2515 2808 2581 vel

697 2620 952 2704 aliquid
980 2620 1166 2685 aliud
1194 2618 1610 2705 exigendum,
1641 2617 1774 2681 nisi
1804 2620 2077 2681 tantum
2122 2637 2240 2700 pro
2270 2614 2805 2681 attachiamentis

696 2719 1011 2787 faciendis
1065 2722 1146 2787 de
1190 2720 1452 2807 placitis
1497 2720 1584 2785 ad
1629 2718 1941 2783 forestam
1990 2716 2481 2802 spectantibus;
2536 2723 2605 2783 et
2663 2718 2801 2796 hoc,

697 2842 814 2907 per
855 2822 1076 2886 visum
1128 2821 1360 2886 ballivi
1413 2820 1620 2907 ipsius
1664 2819 1837 2905 regis
1885 2818 2243 2896 Scotorum,
2291 2819 2364 2895 si,
2427 2821 2799 2906 requisitus,

632 2933 641 2942 “
695 2919 1006 2990 interesse
1052 2924 1354 2989 voluerit.
1473 2922 1731 2988 Placita
1773 2942 1932 2985 vero
1992 2942 2245 2987 coronae
2292 2943 2440 2986 cum
2480 2922 2575 2986 ·in
2634 2944 2799 3007 prae-

689 3025 884 3090 dictis
929 3025 1124 3091 terris
1183 3025 1584 3101 emerserint,
1644 3023 2097 3091 attachientur
2154 3046 2272 3110 per
2346 3024 2668 3089 ballivum
2730 3033 2802 3091 et

691 3112 1100 3194 coronatores
1157 3127 1330 3213 regis
1375 3126 1652 3211 Angliae,
1714 3132 2039 3212 praesente
2099 3126 2348 3191 ballivo
2408 3127 2581 3212 regis
2642 3126 2795 3193 Sco-

688 3234 946 3309 torum,
969 3230 1044 3308 si,
1075 3229 1448 3315 requisitus,
1480 3227 1707 3293 venire
1760 3227 2085 3307 voluerit3
2138 3232 2209 3293 et
2266 3228 2669 3313 placitentur
2728 3234 2799 3293 et

688 3331 1128 3396 terminentur
1172 3327 1400 3397 eadem
1445 3330 1690 3415 placita
1734 3351 1952 3395 coram
1988 3328 2377 3414 justiciariis
2422 3330 2795 3395 itineranti-

686 3431 811 3496 bus
857 3436 928 3496 et
969 3432 1283 3517 praedicto
1351 3430 1720 3507 senescall0,
1781 3430 1871 3494 ad
1936 3430 2223 3515 primam
2288 3430 2577 3507 assisam,
2624 3430 2799 3495 sicut

683 3534 1076 3618 praedictum
1105 3540 1208 3601 est
1253 3535 1334 3599 de
1375 3534 1526 3599 aliis
1571 3533 1851 3619 placitis,
1900 3533 2017 3597 ubi
2062 3532 2121 3597 si
2165 3532 2405 3617 aliquis
2450 3532 2793 3599 hominum

685 3658 966 3715 suorum,
1017 3637 1096 3702 de
1149 3635 1482 3722 praedictis
1527 3634 1738 3711 terris,
1786 3633 2129 3701 convictus
2174 3632 2379 3697 fuerit
2423 3634 2505 3698 de
2548 3634 2797 3701 felonia

685 3744 835 3822 post
907 3738 1234 3823 judicium
1309 3736 1576 3813 factum,
1652 3735 1774 3801 fiat
1840 3735 2113 3820 justitia
2186 3758 2304 3821 per
2376 3738 2681 3803 ballivos'
2724 3746 2795 3805 et

685 3835 982 3903 homines
1026 3840 1318 3924 ipsorum
1377 3838 1548 3923 regis
1613 3836 1957 3903 Scotorum
1998 3842 2067 3903 et
2108 3836 2445 3903 haeredum
2506 3862 2787 3934 suorum.

686 3940 796 4004 Ita
839 3945 1076 4017 tamen,
1126 3940 1303 4025 quod
1359 3961 1496 4005 non
1547 3938 1776 4005 licebit
1836 3939 2030 4006 dictis
2089 3940 2230 4025 regi
2292 3938 2637 4006 Scotorum
2681 3943 2790 4009 vel

683 4040 1054 4107 haeredibus
1099 4042 1236 4105 suis
1279 4041 1614 4107 remittere
1659 4040 1859 4109 alicui
1888 4040 2211 4107 indictato
2256 4062 2523 4127 poenam
2570 4044 2633 4107 ei
2677 4045 2787 4110 de-

681 4143 908 4221 bitam,
953 4142 1315 4208 secundum
1374 4142 1585 4228 legem
1647 4148 1857 4220 terrae,
1902 4163 2025 4209 nec
2082 4141 2455 4208 haeredibus
2517 4144 2785 4210 damua-

679 4250 900 4309 torum
944 4250 1188 4311 terram
1232 4264 1351 4328 per
1393 4242 1701 4309 feloniam
1745 4244 2073 4328 perditam
2103 4244 2391 4321 reddere,
2420 4267 2542 4311 nec
2587 4248 2787 4313 etiam

679 4343 1187 4410 amerciamenta
1244 4341 1580 4408 remittere
1623 4342 1755 4407 hiis
1803 4342 1919 4427 qui
1978 4343 2315 4408 amerciati
2374 4344 2626 4411 fuerint
2668 4370 2787 4434 pro

679 4468 1068 4532 quocunque
1127 4443 1476 4510 forisfacto
1594 4443 1838 4509 Omnia
1890 4444 2093 4509 etiam
2137 4446 2657 4527 amerciamenta‚
2721 4455 2792 4515 et

679 4552 948 4613 escaetae
981 4553 1052 4611 et
1078 4550 1439 4632 proventus
1473 4544 1554 4609 de
1584 4542 1921 4631 praedictis
1950 4544 2159 4622 terris,
2192 4550 2333 4610 tam
2380 4547 2463 4611 de
2510 4570 2687 4616 anno
2718 4557 2791 4618 et

680 4648 802 4725 die,
835 4648 998 4714 dicti
1027 4647 1199 4734 regis
1228 4646 1490 4732 Angliae
1525 4650 1594 4711 ct
1623 4644 1962 4711 haeredum
1992 4664 2278 4724 suorum,
2309 4654 2457 4713 tam⁴
2482 4650 2563 4713 de
2594 4653 2785 4719 terris
2910 4668 3045 4717 ωοο.

679 4750 1126 4835 per¹feloniam
1161 4748 1564 4836 [forisfactis]
1599 4769 1798 4834 quam
1832 4748 1913 4813 de
1960 4747 2265 4815 omnibus
2294 4750 2445 4816 aliis
2476 4754 2781 4834 exitibus,

1179 4880 1186 4889 ·
2386 4870 2430 4918 B
2477 4857 2517 4919 2
