3592 5817
1408 495 1780 546 Arrnmnx.
2525 475 2653 546 575

549 683 880 751 celebrent
925 680 1234 767 capitula,
1295 680 1406 746 vel
1470 679 1975 748 convocationes
2038 679 2195 746 cleri
2254 683 2529 746 teneant
2584 679 2661 744 in

548 786 707 854 locis
773 785 940 863 aliie,
987 805 1188 870 quam
1250 783 1324 848 in
1389 783 1630 869 quibus
1697 781 2095 852 sufficientia
2147 781 2467 850 victualia
2510 803 2657 868 pro-

552 887 974 954 venientibus
1043 887 1130 951 ad
1196 885 1488 972 capitula
1539 885 1650 952 vel
1711 885 2217 954 convocationes
2260 885 2659 971 hujusmodi,

551 989 814 1056 venalia
855 987 1116 1074 publice
1163 992 1231 1054 et
1276 986 1712 1057 communiter
1754 987 2024 1054 valeant
2066 986 2368 1052 inveniri.

643 1090 889 1155 Nullus
934 1090 1202 1174 insuper
1261 1089 1714 1156 ministrorum
1772 1093 2163 1166 nostrorum,
2209 1109 2361 1155 cum
2418 1107 2663 1174 magno

555 1191 911 1257 evectionis
954 1212 1244 1267 numero,
1291 1196 1412 1256 aut
1470 1189 1758 1268 canibus,
1821 1194 1943 1256 aut
2000 1190 2237 1255 avibus
2281 1189 2658 1268 venatoriis,

555 1292 1035 1378 proficiscendo,
1127 1290 1425 1356 subditos
1528 1295 1786 1356 nostros
1876 1312 1995 1376 per
2082 1291 2661 1356 immoderatorum

557 1397 942 1479 sumptuum
990 1391 1458 1478 elargitionem,
1490 1391 1600 1456 vel
1629 1391 2126 1478 appositionem,
2159 1412 2422 1477 quoquo
2467 1391 2663 1458 modo

558 1516 832 1582 gravare
877 1499 1246 1580 praesumat.

647 1595 1110 1662 Archidiaconi
1155 1615 1312 1660 vero
1357 1595 1583 1673 nostri,
1619 1616 1695 1662 ac
1741 1615 1967 1660 eorum
2001 1593 2306 1661 officiales
2336 1601 2406 1660 et
2433 1595 2663 1660 minis-

562 1695 666 1774 tri,
713 1717 848 1761 non
894 1697 1032 1761 sint
1077 1693 1569 1782 quomodolibet
1627 1696 1715 1761 ad
1774 1699 2080 1780 sumptus
2140 1695 2396 1781 aliquos
2440 1697 2664 1762 subdi-

561 1801 797 1876 torum,
844 1797 976 1862 nisi
1020 1819 1139 1884 per
1182 1797 1480 1863 subditos
1526 1797 1718 1884 ipsos
1765 1797 1908 1862 sine
1953 1797 2095 1862 ulla
2138 1797 2389 1863 fraudis
2434 1797 2663 1884 specie,

560 1899 648 1964 ad
690 1898 762 1962 id
807 1897 1056 1964 fuerint
1100 1898 1386 1975 invitati,
1435 1920 1552 1962 seu
1595 1897 1758 1963 alias
1804 1897 1879 1962 in
1922 1897 2217 1964 articulis
2261 1919 2304 1964 a
2354 1898 2505 1983 jure
2552 1921 2666 1964 ex-

563 1999 844 2084 pressis3
905 2005 973 2064 et
1017 2003 1194 2076 tunc,
1242 1999 1371 2086 ipsi
1414 1998 1858 2066 archidiaconi
1904 2005 1973 2064 et
2016 1998 2319 2065 officiales
2380 2000 2485 2064 sui
2530 2001 2669 2066 sint

567 2102 864 2168 contenti
909 2102 1324 2167 evectionum
1367 2122 1641 2166 numero
1687 2101 1760 2164 in
1807 2100 2168 2168 canonibus
2212 2100 2501 2167 definito.

660 2201 854 2284 Quod
900 2203 1035 2268 duo
1085 2207 1352 2268 tantum
1419 2203 1556 2267 sint
1618 2201 2024 2288 apparitOres
2069 2202 2144 2265 in
2187 2202 2467 2269 dioecesi.
2558 2204 2669 2267 Ad

565 2304 709 2371 haec
775 2303 1200 2382 decrevimus,
1247 2303 1422 2390 quod
1485 2304 1658 2369 sicut
1702 2310 1862 2368 sunt
1924 2309 2189 2369 tantum
2258 2305 2390 2370 duo
2456 2305 2669 2372 archi-

571 2404 829 2472 diaconi
873 2405 948 2472 in
992 2411 1219 2471 nostra
1264 2404 1546 2482 dioecesi,
1593 2405 1693 2470 ita
1736 2404 1874 2469 sint
1919 2403 2051 2470 duo
2097 2409 2363 2470 tantum
2408 2407 2670 2492 appari-

571 2511 745 2573 tores
806 2505 1092 2594 episcopi
1137 2506 1211 2569 in
1255 2491 1499 2584 eadem,
1501 2504 1528 2543 ¹
1589 2505 1703 2591 qui
1763 2506 1849 2570 ob
1892 2505 2207 2570 honorem
2252 2511 2322 2570 et
2364 2528 2665 2573 reveren-

570 2608 735 2674 tiam
781 2607 1226 2694 episcopalem,
1257 2607 1344 2672 ad
1389 2627 1589 2692 equos
1633 2605 1981 2686 incedant3
2028 2605 2169 2671 sine
2214 2611 2439 2674 tamen
2468 2630 2665 2676 onere

564 2709 993 2775 subditorum.

664 2810 1091 2897 Apparitores
1121 2831 1278 2876 vero
1322 2808 1942 2888 archidiaconorum,
1974 2809 2220 2895 singuli
2262 2810 2337 2874 in
2380 2810 2677 2899 singulis,

579 2915 714 2977 aut‘
741 2933 916 2975 unus
976 2911 1050 2975 in
1115 2909 1372 2975 duobus
1432 2909 1543 2974 vel
1587 2910 1803 2975 tribus
1848 2909 2291 2988 decanatibus
2338 2933 2455 2997 per
2499 2913 2677 2998 ipsos

579 3010 1083 3087 archidiaconos
1151 3015 1272 3076 aut
1345 3008 1650 3077 officiales
1727 3031 1893 3090 suOS,
1967 3015 2169 3124 prout
2242 3011 2373 3076 sibi
2460 3013 2677 3078 visum

579 3111 794 3190 fuerit,
841 3109 1286 3178 constituendi
1354 3131 1469 3175 seu
1537 3111 1902 3189 constituti,
1962 3111 2037 3175 in
2101 3111 2260 3178 locis
2322 3111 2451 3178 sibi
2509 3135 2682 3180 com-

581 3214 814 3292 missis,
844 3213 1089 3298 absque
1135 3210 1409 3278 canibus
1454 3216 1524 3275 et
1567 3210 1822 3290 avibus,
1854 3211 2350 3336 proficiscantur
2392 3215 2687 3302 pedites3

583 3316 724 3382 sine
769 3319 994 3382 tamen
1039 3333 1234 3380 onere
1279 3311 1714 3378 subditorum.

674 3415 867 3499 Quod
911 3414 1214 3482 officiales
1259 3413 1561 3500 episcopi,
1610 3412 1915 3480 officiales
1956 3412 2415 3494 archidiaconi,
2461 3419 2531 3482 et
2574 3416 2687 3482 de·-

593 3518 742 3586 cani
808 3517 1056 3582 rurales
1121 3516 1415 3582 habeant
1477 3513 1700 3602 sigilla
1761 3513 2163 3594 authentica,
2206 3536 2292 3580 ne
2354 3516 2686 3602 probatio·

584 3641 748 3685 num
791 3617 1174 3686 facultatem
1219 3616 1574 3704 angustati,
1622 3638 1740 3684 seu
1784 3637 1934 3702 quae
1980 3621 2159 3682 certa
2202 3637 2341 3683 esse
2387 3617 2689 3695 debeant,

587 3721 929 3808 contingat
971 3720 1046 3785 in
1089 3717 1367 3784 dubium
1411 3718 1744 3800 revocari3
1799 3717 2237 3804 praecipimus,
2307 3719 2484 3804 quod
2544 3724 2687 3786 tam

591 3823 894 3891 officiales
959 3823 1171 3888 nostri
1211 3820 1704 3898 Dunelmenses,
1752 3840 1953 3905 quam
2020 3819 2325 3888 officiales
2368 3820 2693 3888 archidia—

592 3945 904 3993 conorum
964 3927 1356 4010 nostrorum,
1424 3924 1494 3986 et
1567 3941 1794 3988 eorum
1856 3920 2283 3988 commissarii
2342 3921 2693 4009 generaleS,

594 4029 714 4093 aut
788 4023 1019 4092 decani
1092 4022 1358 4103 ruraleS,
1433 4025 1809 4088 nostrarum
1884 4021 2178 4089 civitatis
2252 4025 2323 4088 ct
2394 4020 2695 4090 dioecesis

1392 4278 1410 4312 ¹
1445 4277 1629 4330 eisdem
1650 4277 1704 4328 in
1725 4275 1840 4330 MS.
