3592 5817
593 883 707 932 ΔΑ).
725 889 842 933 1348.

679 3919 712 3964 1.
722 3923 814 3967 ³40.

581 4081 859 4127 Institution

580 4133 627 4175 ot
643 4133 772 4176 John
788 4135 848 4178 de

579 4182 798 4236 Olisseby.
815 4186 864 4227 in

579 4231 662 4275 the
679 4233 820 4277 churc

577 4282 626 4323 of
646 4283 853 4327 Simond-

577 4332 739 4382 burne,
759 4345 820 4377 on

821 4235 854 4276 ᾖ
913 4252 975 4300 de
1001 4251 1280 4304 Simondbu
1289 4249 1456 4315 [m]e.

899 671 1030 736 422
1263 685 1659 736 arms-mun
1703 683 2109 735 rans-nnuma
2156 683 2640 734 DUNELMRNSE.

897 893 1018 937 nos
1047 871 1450 947 concessisse,
1482 877 1552 937 et
1580 871 1891 957 praesenti
1922 870 2165 956 scripto
2194 869 2538 936 indentato
2569 869 3003 946 confirmasse,

900 974 1164 1039 domino
1207 973 1590 1040 Alexandro
1636 972 1863 1050 Benet,
1910 971 2263 1057 capellano,
2308 972 2382 1035 in
2440 971 2731 1037 manerio
2774 977 3005 1035 nostro

898 1077 979 1141 de
1025 1074 1366 1140 Houeden'
1413 1073 1787 1150 celebranti,
1835 1073 2165 1158 quoddam
2218 1073 2463 1164 toftum
2524 1074 2597 1136 in
2640 1072 3001 1148 Houeden’,

889 1179 1114 1263 jacens
1175 1177 1248 1240 in
1310 1182 1595 1242 mercato
1655 1177 1948 1262 ejusdem
1992 1175 2171 1240 villae
2216 1197 2411 1260 super
2453 1175 2665 1262 ripam
2711 1175 2793 1239 de
2836 1174 3003 1238 Der-

900 1279 1142 1357 went'3
1204 1278 1378 1343 sicut
1430 1277 1610 1363 jacet
1677 1278 1751 1341 in
1814 1277 2168 1343 latitudine
2234 1299 2279 1342 a
2340 1277 2624 1361 quodam
2668 1275 3003 1360 mesuagio

904 1379 1210 1445 Nicholai
1255 1379 1338 1442 de
1383 1377 1833 1464 Portyngton',
1864 1378 1951 1444 ad
1994 1383 2196 1464 caput
2224 1378 2525 1456 australe,
2556 1382 2627 1443 et
2668 1377 3001 1461 mesuagio

904 1482 1228 1568 Stephani
1271 1482 1393 1546 filii
1441 1480 1762 1566 Stephani
1792 1481 1874 1544 de
1916 1479 2257 1546 Houeden'
2288 1484 2358 1543 et
2386 1479 2664 1542 Amaldi
2694 1480 2775 1543 de
2808 1477 3006 1552 Cliff’,

903 1585 988 1648 ad
1019 1588 1218 1668 caput
1247 1582 1502 1648 boreale
1528 1605 1545 1661 ;
1589 1582 1879 1666 exceptis
1925 1581 2007 1645 de
2036 1580 2215 1646 dicta
2243 1580 2599 1645 latitudine
2632 1580 2720 1644 ad
2750 1578 2999 1642 dictum

904 1690 1107 1770 caput
1149 1682 1436 1748 australe
1490 1687 1637 1746 octo
1699 1681 1992 1768 pedibus,
2038 1685 2109 1745 et
2168 1680 2511 1746 duodecim
2578 1681 2855 1766 pedibus
2916 1679 3000 1744 ad

903 1790 1106 1870 caput
1149 1784 1446 1862 boreale;
1505 1787 1590 1860 et,
1637 1783 1710 1847 in
1770 1783 2201 1868 longitudine,
2246 1803 2290 1847 a
2333 1783 2479 1868 ripa
2522 1784 2603 1848 de
2649 1782 2999 1858 Derwent’‚

901 1887 988 1950 ad
1029 1890 1230 1970 caput
1273 1885 1576 1960 australe,
1609 1884 1866 1949 duabus
1912 1883 2247 1968 perticatis
2292 1889 2362 1948 et
2404 1883 2661 1948 duabus
2704 1885 3001 1969 partibus

903 1987 1102 2050 unius
1170 1987 1452 2071 perticae,
1517 2007 1635 2070 per
1695 1985 1956 2070 virgam
2016 2005 2428 2050 communem
2493 1984 2573 2050 de
2637 1985 2997 2063 Houeden’,

904 2089 1350 2154 continentem
1381 2087 1738 2152 octodecim
1770 2086 1984 2173 pedeS,
2017 2091 2101 2164 et,
2126 2086 2211 2151 ad
2242 2091 2442 2172 caput
2480 2087 2755 2164 boreale,
2790 2089 3001 2152 tribus

905 2189 1246 2274 perticatis
1308 2194 1379 2254 et
1441 2188 1732 2265 dimidia,
1779 2209 1897 2274 per
1942 2188 2216 2252 eandem
2270 2189 2568 2274 virgam3
2626 2189 2999 2254 habendum

907 2295 976 2356 et
1021 2290 1381 2356 tenendum
1423 2289 1815 2374 praedictum
1860 2289 2119 2366 toftum,
2150 2310 2300 2354 cum
2330 2289 2633 2354 omnibus
2678 2291 2815 2354 suis
2858 2313 2997 2376 per-

907 2393 1226 2469 tinentiis,
1271 2391 1586 2478 praedicto
1631 2391 1897 2456 domino
1940 2390 2335 2468 Alexandro,
2382 2392 2718 2476 capellano
2762 2397 2999 2470 nostr0‚

907 2494 994 2558 ad
1039 2497 1252 2558 totam
1297 2493 1510 2558 vitam
1570 2493 1777 2577 ipsius
1832 2491 2083 2556 domini
2125 2491 2507 2570 Alexandri,
2556 2493 2638 2557 de
2682 2493 2871 2558 nobis
2932 2500 3001 2558 et

908 2594 1380 2659 successoribus
1447 2593 1704 2670 nostris,
1751 2592 2049 2659 faciendo
2094 2592 2249 2658 inde
2294 2594 2641 2659 annuatim
2701 2595 2889 2658 nobis
2932 2599 3001 2660 et

907 2694 1384 2759 successoribus
1445 2694 1688 2758 nostris
1732 2694 1819 2759 ad
1864 2693 2257 2759 scaccarium
2309 2699 2607 2759 nostrum
2654 2695 2735 2760 de
2780 2695 2998 2760 Houe-

906 2795 1068 2872 den’,
1111 2800 1392 2880 quatuor
1437 2794 1676 2860 solidos
1719 2800 1789 2860 et
1850 2795 2013 2860 duos
2056 2794 2370 2872 denarios
2416 2796 2503 2860 ad
2547 2801 2830 2880 quatuor
2870 2803 2999 2862 ter-

908 2896 1121 2961 minos
1196 2897 1269 2960 in
1336 2896 1642 2962 libertate
1716 2901 1945 2963 nostra
2005 2897 2085 2962 de
2154 2897 2494 2964 Houeden’
2540 2898 2817 2974 usuales,
2884 2920 3001 2984 pro

907 2999 1086 3063 omni
1132 2999 1268 3065 alio
1312 3000 1581 3065 servitio
1626 3005 1696 3065 et
1753 2999 2049 3064 saeculari
2093 2998 2431 3064 demanda.
2552 2999 3000 3066 Concessimus

908 3100 1126 3178 etiam,
1159 3121 1277 3185 pro
1306 3101 1496 3165 nobis
1537 3105 1606 3165 et
1647 3100 2121 3165 successoribus
2164 3101 2406 3164 nostris
2450 3100 2795 3186 praedictis,
2828 3101 2995 3186 quod

908 3203 965 3266 si
997 3202 1310 3288 praefatus
1340 3203 1642 3267 dominus
1672 3201 2049 3266 Alexander
2078 3202 2253 3277 diem
2283 3202 2591 3269 clauserit
2617 3207 2997 3280 extremum,

909 3304 1259 3390 superstite
1319 3303 1570 3368 Thoma
1632 3302 1860 3380 Benet,
1904 3302 2106 3367 fratre
2180 3324 2314 3380 suo,
2380 3303 2556 3388 quod
2618 3308 2779 3370 tunc
2840 3325 2999 3388 prae-

909 3407 1161 3471 dictum
1207 3406 1466 3483 toftum,
1511 3426 1661 3471 cum
1705 3403 1842 3468 suis
1896 3404 2327 3488 pertinentiiS,
2376 3405 2627 3490 integre
2672 3411 3003 3468 remaneat

911 3507 1225 3592 praedicto
1271 3505 1538 3571 Thomae
1585 3506 1812 3583 Benet,
1858 3505 2049 3572 fratri
2103 3505 2265 3572 dicti
2312 3506 2690 3582 Alexandri,
2732 3505 2817 3570 ad
2866 3511 2998 3569 ter-

913 3610 1167 3676 minum
1211 3608 1372 3673 vitae
1420 3658 1432 3672 .
1483 3658 1494 3671 .
1545 3658 1557 3672 .
1608 3605 1648 3671 .¹

1315 3911 1663 3981 Soewwlue
1709 3909 2095 3994 Quatermw
2140 3910 2620 3998 be‘rwficiomm.

914 4117 1169 4168 Institutio
1189 4117 1227 4169 J
1229 4117 1444 4169 ohannis
1463 4119 1528 4167 de
1689 4074 2025 4152 Ricardus,
2072 4074 2493 4160 permissione
2539 4076 2783 4152 divina,
2820 4075 3006 4139 Dun-

915 4186 1148 4249 Clisseby
1197 4186 1260 4233 de
1313 4185 1528 4234 eeclesia
1593 4177 1905 4242 olmensis
1974 4177 2331 4263 episcopm,
2378 4177 2617 4244 dilecto
2679 4178 2869 4242 nobis
2935 4179 3009 4242 in

1593 4279 1875 4358 Christo,
1914 4281 2179 4345 domino
2224 4280 2270 4345 J
2272 4280 2515 4346 ohanni
2562 4281 2643 4347 de
2688 4281 3005 4367 Clisseby,

1167 4547 1183 4579 ¹
1221 4546 1333 4596 The
1356 4553 1564 4597 context
1583 4546 1702 4598 here
1723 4547 1909 4598 breaks
1930 4547 2017 4612 off,
2042 4562 2073 4598 a
2094 4547 2203 4600 leaf
2215 4562 2275 4598 or
2296 4548 2464 4599 leaves
2488 4547 2639 4614 being
2658 4550 2772 4599 lost.
