3592 5817
558 1056 669 1131 Aa).
694 1090 805 1131 1810.

867 878 997 942 396
1232 892 1627 943 REGISTRUM
1674 892 2080 943 Pm'mmu
2125 897 2613 948 nnuman-mss.

867 1074 1217 1160 praefatum
1284 1075 1673 1160 magistrum
1740 1081 1811 1140 et
1869 1075 2207 1154 scholares,
2253 1079 2340 1143 ad
2401 1076 2980 1149 denunciationem

868 1177 1030 1241 dicti
1074 1176 1333 1254 Prioris,
1380 1199 1497 1241 seu
1550 1177 1842 1243 custodis
1886 1178 2358 1245 monachorum
2404 1180 2976 1254 Dunolmensium,

868 1276 954 1342 ad
1028 1278 1512 1343 observantiam
1586 1278 2088 1363 praemissorum,
2096 1277 2368 1367 fifquoad
2413 1281 2796 1353 electionem
2855 1299 2980 1343 sex

866 1377 1259 1444 scholarium
1290 1384 1359 1444 et
1388 1380 1723 1465 capellani,
1754 1377 2436 1469 rationessreddituum
2483 1404 2602 1467 per
2629 1404 2734 1447 me
2777 1379 2976 1445 colla-

866 1482 1099 1552 torum,
1132 1480 1217 1545 ad
1261 1501 1563 1565 praesenS,
1608 1501 1864 1545 necnon
1909 1480 2126 1565 quoad
2169 1503 2518 1547 numerum
2563 1480 2978 1546 studentium

863 1582 937 1645 in
980 1603 1137 1647 casu
1182 1582 1635 1647 excrescentiae
1680 1582 2061 1647 reddituum
2111 1585 2483 1661 eorundem,
2529 1606 2680 1650 cum
2723 1582 2978 1648 accide-

864 1683 1019 1761 rint,
1064 1689 1145 1748 ut
1187 1684 1633 1769 praemittitur,
1675 1683 2168 1769 ampliandum3
2152 1684 2210 1723 ·¹
2255 1706 2332 1750 ac
2376 1685 2595 1770 quoad
2639 1684 2864 1748 omnia
2905 1687 2980 1747 et

864 1786 1125 1871 singula
1174 1786 1476 1871 superius
1538 1791 1934 1870 expressata,
1983 1786 2240 1871 possint
2299 1786 2684 1872 compellere
2727 1784 2860 1847 viis
2903 1788 2978 1847 et

864 1888 1076 1951 modis
1142 1886 1486 1964 canoniciS,
1536 1890 1735 1971 prout
1794 1886 1925 1951 sibi
1985 1886 2195 1972 magis
2239 1886 2580 1952 videbitur
2645 1884 2974 1971 expedire

868 1986 953 2050 In
996 2007 1276 2071 quorum
1338 1986 1636 2050 omnium
1697 1986 2168 2064 testimonium,
2217 1991 2286 2052 et
2328 1992 2718 2073 perpetuam
2768 1986 2974 2049 firmi-

864 2092 1087 2165 tatem,
1154 2088 1289 2153 tria
1362 2088 1806 2153 instrumenta
1880 2088 2128 2153 tenoris
2188 2089 2545 2154 consimilis
2604 2094 2764 2153 sunt
2821 2108 2973 2153 con-

863 2187 1074 2268 fecta3
1142 2210 1419 2274 quorum
1467 2190 1739 2254 cuilibet
1784 2190 2004 2275 sigilla
2047 2190 2390 2255 reverendi
2450 2190 2674 2276 patris,
2721 2188 2974 2253 (101111111

864 2291 1145 2369 Ricardi,
1202 2291 1329 2357 Dei
1373 2291 1606 2376 gratia,
1658 2290 2130 2355 Dunolmensis
2175 2292 2476 2376 episcopi,
2521 2290 2973 2375 religiosorum

862 2393 1173 2471 virorum,
1229 2392 1647 2460 dominorum
1713 2391 1952 2477 prioris
2016 2397 2087 2457 et
2146 2392 2417 2477 capituli
2488 2390 2972 2466 Dunolmensis,

861 2494 1256 2560 venerabilis
1286 2494 1433 2570 viri,
1466 2493 1715 2558 domini
1739 2491 2130 2558 Cancellarii
2168 2492 2644 2557 Universitatis
2675 2492 2972 2566 Oxoniae,

862 2617 939 2662 ac
999 2597 1298 2683 magistri
1344 2600 1413 2661 et
1474 2593 1872 2660 scholarium
1923 2592 2116 2658 Aulae
2162 2593 2246 2657 de
2289 2592 2568 2659 Balliolo
2627 2592 2974 2679 praedicto—

862 2719 1028 2776 rum,
1074 2718 1210 2762 una
1253 2718 1403 2763 cum
1449 2696 1664 2781 sigillo
1708 2716 1871 2771 meo,
1918 2694 2205 2779 appendi
2251 2693 2639 2779 procuravi3
2691 2713 2972 2778 quorum

866 2799 1068 2863 etiam
1128 2799 1717 2863 instrumentorum
1782 2816 1993 2859 unum
2055 2816 2256 2881 penes
2302 2795 2512 2860 dictos
2563 2794 2855 2859 Priorem
2900 2798 2972 2858 et

864 2897 1301 2974 Conventum,
1348 2897 1530 2962 aliud
1584 2918 1785 2983 penes
1830 2895 2137 2981 praefatos
2183 2895 2576 2981 Magistrum
2639 2901 2709 2960 et
2767 2893 2968 2959 Scho-

860 2999 1045 3077 lares,
1090 3000 1366 3064 tertium
1409 3018 1567 3062 vero
1628 3019 1831 3082 penes
1893 3018 2015 3074 me,
2085 2996 2392 3073 haeredes‚
2437 2996 2546 3061 vel
2605 2996 2972 3082 assignatos

864 3123 1059 3180 meos,
1105 3102 1273 3178 17010,
1320 3100 1565 3177 ordin0‚
1614 3105 1683 3165 et
1727 3099 2018 3183 dispono,
2074 3104 2390 3184 perpetuo
2434 3119 2785 3163 remanere.
2879 3097 2972 3161 Et

870 3224 1006 3280 nos,
1076 3202 1412 3279 Ricardus‚
1476 3200 1904 3286 permissione
1986 3198 2230 3276 divina,
2294 3198 2760 3263 Dunolmensis
2833 3199 2970 3285 epi-

862 3326 1108 3391 scopm,
1178 3303 1264 3369 ad
1327 3307 1630 3388 rogatum
1700 3301 1953 3366 domini
2027 3300 2336 3387 Philippi,
2399 3322 2476 3367 ac
2533 3301 2832 3386 magistri
2898 3306 2970 3365 et

861 3406 1253 3473 scholarium
1297 3404 1783 3491 praedictorum,
1815 3403 1902 3467 ad
1932 3402 2520 3468 corroborationem
2563 3406 2967 3467 statutorum

862 3531 977 3574 seu
1023 3506 1515 3574 ordinationum
1581 3504 2063 3589 praedictorum,
2111 3506 2437 3587 quatenus
2488 3504 2616 3567 rite
2661 3507 2729 3567 et
2773 3525 2966 3569 cano-

860 3612 1005 3676 nice
1049 3615 1209 3674 sunt
1253 3608 1447 3685 edita,
1479 3611 1803 3692 quantum
1835 3606 1920 3671 ad
1965 3626 2086 3669 nos
2129 3604 2434 3689 pertinet,
2481 3604 2771 3689 sigillum
2813 3624 2964 3669 nos—

860 3718 1039 3776 trum
1084 3716 1318 3776 octavo
1359 3708 1610 3774 decimo
1667 3706 1774 3772 die
1821 3706 2064 3771 mensis
2110 3706 2427 3784 Octobris,
2475 3728 2650 3772 anno
2693 3706 2962 3771 Domini

863 3810 1265 3887 nosocomo„
1312 3809 1386 3872 in
1447 3808 1739 3874 manerio
1801 3813 2025 3873 nostro
2077 3806 2485 3884 Aukelande‚
2530 3808 2965 3893 praesentibus

860 3914 1171 3977 duximus
1216 3910 1696 3995 apponendum,
1741 3910 1910 3995 jure,
1956 3909 2443 3987 consuetudine,
2489 3914 2558 3974 et
2620 3910 2964 3995 dignitate,

858 4014 1101 4080 nostris
1177 4017 1246 4077 et
1312 4012 1597 4077 ecclesiae
1670 4016 1915 4075 nostrae
1983 4010 2464 4088 Dunolmensis,
2527 4011 2598 4074 in
2657 4012 2970 4077 omnibus

860 4138 1112 4201 semper
1155 4114 1374 4179 salvis.
1486 4113 1575 4177 Et
1632 4133 1769 4188 noe,
1815 4111 1994 4197 prior
2037 4112 2320 4177 ecclesiae
2365 4112 2847 4191 Dunolmensis,
2895 4120 2966 4179 et

861 4218 1152 4303 ejusdem
1219 4215 1345 4281 loci
1414 4217 1792 4289 conventus,
1841 4212 2064 4277 omnia
2108 4217 2176 4277 et
2243 4212 2502 4297 singula
2567 4214 2958 4299 supradicta,

858 4318 1339 4384 rationabiliter
1385 4320 1655 4391 statuta,
1687 4314 2008 4391 ordinata,
2039 4319 2108 4378 et
2152 4314 2428 4390 decreta,
2459 4335 2576 4399 per
2620 4314 2960 4380 dominum

860 4420 1242 4507 Philippum
1304 4421 1754 4493 memoratum,
1803 4436 1880 4481 ac
1939 4414 2331 4481 auctoritate
2383 4415 2744 4502 pontificali
2799 4416 2962 4483 dicti

856 4522 1198 4589 reverendi
1242 4520 1464 4607 patris,
1496 4523 1577 4583 ut
1615 4516 2063 4603 praemittitur,
2093 4516 2412 4595 roborata,
2445 4516 2531 4582 ad
2569 4517 2958 4584 instantiam

1624 4744 1641 4775 ¹
1673 4740 1936 4808 amplient?
1957 4741 2012 4794 in
2033 4741 2160 4810 orig.
