3592 5817
953 835 1082 908 294
1315 849 1706 908 namsmtm
1755 821 2157 908 PALATINU‘M
2206 851 2690 907 DUNELMENSE.

613 1060 754 1134 ‘An
773 1063 886 1106 1810.
950 1049 1184 1122 tarum,
1217 1045 1406 1110 nobis
1451 1045 1821 1132 specialiter
1850 1045 2221 1122 reservatis,
2252 1045 2457 1123 vobis,
2506 1051 2733 1110 tenore
2762 993 3044 1130 praesenf

947 1145 1132 1223 tium,
1165 1147 1635 1213 committimus
1667 1148 1843 1214 vices
1872 1152 2145 1224 nostras,
2184 1147 2335 1233 jure
2365 1152 2434 1211 et
2465 1145 3049 1212 consuetudinibus

946 1249 1204 1326 nostris,
1281 1254 1350 1315 et
1423 1248 1709 1316 ecclesiae
1782 1255 2025 1316 nostrae
2073 1249 2557 1336 Dunolmensis,
2605 1249 2679 1314 in
2744 1247 3049 1314 omnibus

947 1349 1220 1438 semper'
1275 1352 1489 1416 salvis,
1585 1352 1674 1416 Et
1739 1353 1901 1437 quid
1976 1352 2048 1416 in
2124 1351 2476 1438 praemissis
2529 1350 2851 1428 ‘fecer-itis,
2912 1371 3049 1425 nOS,

947 1451 1254 1538 expedito
1300 1453 1494 1519 dictae
1538 1454 2042 1540 permutationis
2087 1453 2366 1539 negotio,
2412 1453 2767 1518 certificare
2812 1451 3050 1527 velitis

947 1577 1064 1641 per
1138 1561 1390 1621 vestras
1464 1556 1690 1622 literas
1780 1561 2083 1642 patentes
2161 1561 2229 1621 et
2308 1555 2576 1632 clausas,
2653 1555 2904 1631 harum,
2982 1558 3052 1617 et

946 1678 1281 1742 processus
1326 1657 1399 1722 in
1441 1657 1566 1726 hac
1625 1662 1813 1742 parte
1872 1656 2103 1732 habiti,
2150 1656 2382 1721 seriem
2449 1657 2873 1722 continentes.
2966 1655 3051 1720 In

947 1759 1049 1843 cuj
1059 1780 1133 1822 us
1177 1757 1273 1822 rei
1317 1763 1433 1823 etc.
1525 1757 1776 1822 Datum
1822 1757 2001 1842 apud
2045 1756 2416 1833 Aukeland,
2472 1755 2664 1821 xiiii0.
2713 1757 2821 1822 die
2864 1757 2911 1821 J
2911 1756 3049 1833 ulii,

945 1881 1119 1927 anno
1165 1862 1434 1927 Domini
1479 1849 1923 1937 M0.ccc0.xlm⁰.‚
1957 1866 2026 1924 et
2068 1858 2569 1924 consecrationis
2598 1863 2839 1923 nostrae
2870 1857 3047 1927 viim.

608 2081 830 2135 Appoint-
1311 2093 1318 2098 ·
1485 2061 1820 2140 Ricardus,
1852 2061 2277 2148 permissione
2308 2060 2552 2137 divina,
2582 2059 3049 2126 Dunolmensis

608 2133 918 2285 Ξῖῧὲἔέἐὴθ
1390 2169 1525 2242 etc„
1603 2164 1841 2234 dilecto
1930 2163 2081 2239 filio,
2159 2162 2361 2248 priori
2436 2161 2719 2227 ecelesiae
2808 2167 3049 2228 nostrae

609 2285 660 2325 or
675 2282 883 2327 numam
947 2265 1343 2332 cathedralis
1416 2263 1899 2342 DunolmensiS,
1977 2264 2258 2328 salutem
2319 2267 2437 2329 etc.
2506 2263 2720 2327 Breve
2794 2261 3044 2326 domini

607 2331 768 2476 {512AE
767 2336 920 2437 ἶῖιᾮῗι
946 2369 1170 2445 nostri,
1218 2367 1387 2453 regis
1417 2366 1677 2452 Angliae
1723 2371 1792 2431 et
1838 2365 2146 2442 Franciae,
2180 2365 2377 2430 tertio
2419 2366 2526 2430 die
2568 2365 2811 2429 mensis
2841 2364 2888 2431 ,J
2888 2363 3046 2440 unii,

770 2463 782 2476 '
945 2469 1124 2555 apud
1169 2467 1509 2532 Houeden’
1557 2467 1934 2553 recepimus,
1990 2466 2062 2530 in
2096 2466 2251 2531 ,haec
2295 2466 2603 2530 verba.—

609 2581 881 2678 213313211522
1036 2572 1418 2646 Edwardus‚
1465 2544 1618 2633 Dei'
1659 2568 1891 2652 gratia,
1961 2589 2079 2631 rex
2145 2567 2407 2652 Angliae
2460 2573 2531 2632 et
2594 2565 2903 2644 Franciae,
2979 2571 3049 2630 et

607 2683 836 2776 ssissfigg‘
944 2674 1248 2740 dominus
1340 2670 1695 2745 Hiberniae,
1774 2667 2135 2733 venerabili
2212 2668 2283 2732 in
2360 2668 2625 2734 Christo
2698 2667 2891 2752 patri,
2951 2667 3045 2744 R,

607 2782 915 2883 gggoggggnt·
943 2777 1170 2840 eadem
1245 2773 1476 2858 gratia,
1547 2771 1847 2856 episcopo
1925 2769 2375 2846 Dunolmensi,
2454 2768 2749 2834 salutem.
2876 2769 3043 2835 Cum

605 2883 832 2975 ffcffitggl·
942 2900 1076 2953 vos,
1124 2897 1200 2942 ac
1243 2873 1461 2940 eaeteri
1508 2871 1766 2957 praelati
1810 2893 1889 2936 ac
1955 2870 2163 2936 clerus
2209 2870 2631 2936 Eboracensis
2676 2871 3044 2956 provinciae,

610 2981 765 3025 loewr·
941 2977 1147 3054 nobis,
1194 2977 1266 3040 in
1311 2973 1678 3039 subsidium
1732 2973 2173 3059 expeditionis
2219 2972 2629 3057 quorundam
2690 2972 3042 3039 arduorum

942 3080 1354 3165 negotiorum
1422 3098 1542 3142 nos
1606 3097 1683 3140 ac
1749 3074 2185 3139 salvationem
2230 3095 2309 3140 ac
2368 3073 2813 3140 defensionem
2862 3074 3045 3160 regni

945 3181 1152 3248 nostri
1185 3178 1618 3245 diversimode
1644 3176 2183 3261 contingentium,
2204 3175 2277 3238 in
2307 3176 2804 3260 congregatione
2828 3181 3047 3266 vestra

944 3306 1021 3350 ac
1065 3284 1340 3349 aliorum
1387 3279 1821 3366 praelatorum,
1856 3283 1925 3342 et
1983 3275 2137 3342 cleri
2183 3277 2534 3363 provinciae
2580 3278 2927 3363 praedictae,
2974 3277 3045 3342 in

944 3385 1212 3452 ecclesia
1259 3383 1486 3448 Sancti
1548 3381 1726 3444 Petri
1775 3379 2067 3454 Eboraci,
2115 3378 2187 3442 in
2234 3379 2502 3445 Octabis
2564 3380 3043 3445 Purificationis

944 3488 1168 3552 Beatae
1215 3484 1442 3549 Mariae
1489 3481 1784 3568 Virginis
1831 3481 2127 3566 proxime
2194 3479 2589 3565 praeteritae)
2643 3481 2888 3560 habita,
2934 3484 3042 3548 de-

943 3589 1179 3654 cimam
1225 3587 1306 3651 de
1352 3584 1587 3649 vestris
1635 3589 1702 3647 et
1743 3583 2036 3668 ipsorum
2082 3581 2270 3646 bonis
2316 3586 2385 3646 et
2450 3583 2781 3650 beneficiis
2848 3586 3042 3651 eccle-

945 3684 1237 3764 siasticis
1270 3709 1385 3771 per
1413 3683 1770 3761 biennium,
1805 3681 2118 3747 benevole
2163 3684 2605 3749 concesseritis
2648 3685 3041 3764 solvendam,

945 3812 1161 3868 unam,
1187 3787 1510 3864 videlicet,
1542 3786 1963 3850 medietatem
1995 3806 2112 3870 pro
2142 3783 2353 3870 primo
2384 3806 2556 3851 anno
2588 3786 2749 3852 dicti
2780 3787 3043 3866 biennii,

945 3892 1112 3956 festo
1187 3888 1600 3954 Inventionis
1677 3887 1939 3952 Sanctae
2012 3886 2241 3951 Crucis
2298 3888 2597 3972 proxime
2670 3887 2911 3964 futuro,
2978 3893 3047 3952 et

944 3993 1108 4060 alias
1152 3998 1286 4057 tres
1331 3996 1559 4076 partes·
1608 3989 1696 4054 ad
1755 3989 1924 4052 festa
1968 3987 2450 4060 Purificationis
2510 3987 2735 4054 Beatae
2804 3989 3043 4068 Mariae,

947 4096 1014 4160 N
1017 4093 1346 4160 ativitatis
1393 4092 1619 4158 Sancti
1673 4089 1718 4154 J
1721 4089 1998 4155 ohannis
2052 4089 2389 4175 Baptistae,
2445 4095 2513 4155 et
2564 4089 3043 4157 Purifieationis

945 4198 1170 4262 Beatae
1202 4196 1429 4260 Mariae
1466 4193 1774 4279 Virginis,
1807 4192 2103 4278 proxime
2126 4193 2495 4277 sequentis;
2525 4194 2621 4258 ita
2650 4194 2827 4279 quod
2857 4215 3045 4279 quas-

946 4301 1098 4364 dam
1144 4295 1664 4383 supplicationes,
1711 4316 1829 4380 per
1872 4293 2117 4360 clerum
2163 4293 2548 4379 praedictum
2594 4296 2783 4361 nobis
2826 4297 3047 4375 factas,

947 4401 1030 4464 de
1082 4398 1357 4463 diversis
1377 4396 1402 4436 2
1460 4397 1880 4461 libertatibus
1946 4401 2015 4460 et
2081 4395 2244 4472 aliis»,
2307 4400 2446 4460 tam
2520 4419 2637 4482 pro
2705 4399 2932 4465 decore
2978 4405 3047 4464 et

949 4499 1431 4587 tranquillitate
1460 4497 1843 4583 Anglicanae
1890 4497 2190 4575 ecclesiae,
2238 4517 2437 4583 quam
2480 4519 2597 4584 pro
2642 4499 2936 4566 utilitate
2982 4505 3050 4566 et

1019 4725 1036 4762 ¹
1060 4725 1314 4793 proeterito
1335 4725 1389 4775 in
1413 4724 1538 4794 orig.
1982 4725 1992 4792 Ι
2086 4725 2107 4758 ²
2139 4725 2357 4776 deversio
2378 4724 2431 4777 in
2454 4726 2579 4806 orig.
