3592 5817
968 884 1365 933 sams-mum
1410 882 1814 932 mma-mnu
1861 882 2346 932 DUNELMENSE.
2583 869 2714 933 393

612 1072 880 1138 Missam
926 1072 1006 1137 de
1053 1073 1387 1158 Requiem,
1436 1096 1585 1140 cum
1630 1073 1910 1159 propriis
1956 1072 2263 1139 Collectis
2311 1076 2381 1137 et
2441 1071 2718 1137 Placebo
2777 1090 2888 1135 an.
2906 1092 3021 1134 1³40.

610 1180 681 1239 et
739 1174 984 1261 Dirige,
1033 1196 1185 1240 cum
1249 1173 1850 1252 Commendatione‚
1899 1174 2080 1239 omni
2126 1174 2232 1238 die
2278 1172 2508 1237 Trium
2551 1173 2708 1239 Lec-

612 1277 885 1353 tionum,
932 1298 1053 1361 pro
1115 1275 1327 1341 salute
1394 1277 1633 1341 animae
1678 1297 1859 1353 meae,
1906 1275 2130 1352 forma,
2177 1279 2259 1339 ut
2319 1274 2716 1360 praedicitur,

611 1382 681 1442 et
726 1376 1022 1441 omnium
1068 1376 1365 1441 fidelium
1411 1377 1885 1453 defunctorum,
1933 1375 2215 1442 celebret
2258 1376 2532 1455 devote;
2597 1374 2718 1440 ali-

615 1499 813 1563 quam
861 1477 1218 1544 Collectam
1264 1498 1384 1563 pro
1429 1476 1641 1543 salute
1688 1498 1942 1563 sponsae
1987 1498 2167 1553 mese,
2214 1475 2532 1561 quamdiu
2575 1475 2721 1560 ipsa

612 1577 876 1655 vixerit,
914 1577 1168 1663 jugiter
1212 1577 1504 1643 dicend0.
1595 1577 1897 1663 Utroque
1943 1582 2167 1642 autem
2197 1581 2496 1641 nostrum
2540 1576 2722 1641 viam

612 1680 939 1745 universae
985 1680 1197 1745 carnis
1246 1680 1551 1765 ingress0,
1600 1679 1804 1743 Missa
1863 1679 1943 1743 de
1991 1678 2311 1763 Requiem
2356 1698 2475 1763 pro
2533 1676 2725 1742 nobis

613 1785 683 1844 et
726 1801 844 1867 pro
898 1780 1189 1865 personis
1233 1779 1583 1865 praedictis,
1631 1801 1710 1845 ae
1768 1801 1888 1865 pro
1933 1778 2237 1843 omnibus
2297 1778 2724 1845 benefactori-

613 1880 737 1945 bus
801 1881 1034 1945 domus
1096 1881 1508 1966 supradictae,
1556 1879 1783 1958 forma,
1830 1886 1912 1945 ut
1957 1880 2356 1965 praedicitur,
2401 1902 2520 1966 per
2560 1902 2728 1968 prae-

614 1981 865 2047 dictum
895 1983 1305 2068 capellanum
1338 1982 1642 2047 devotius
1672 1982 2051 2048 celebretur.
2123 1982 2418 2068 Insuper,
2450 1982 2728 2069 singulis

610 2084 819 2161 annis,
868 2084 975 2148 die
1020 2082 1477 2148 Anniversarii
1518 2082 1737 2147 obitus
1801 2082 1948 2160 mei,
1996 2082 2200 2148 Missa
2244 2083 2325 2147 de
2388 2082 2725 2168 Requiem,

612 2205 761 2251 cum
810 2190 987 2263 nota,
1034 2184 1311 2250 Plaoebo
1362 2188 1433 2249 et
1476 2184 1705 2270 Dirige
1751 2183 2289 2270 praecedentibus,
2351 2206 2470 2270 pro
2513 2183 2728 2250 salute

612 2288 851 2352 animae
873 2307 1037 2352 meae
1068 2292 1137 2351 et
1167 2286 1461 2351 omnium
1492 2285 1787 2351 fidelium
1820 2285 2292 2363 defunctorum,
2325 2285 2728 2351 celebretur·
2712 2336 2730 2365 ,

616 2388 724 2453 cui
769 2388 990 2453 Missae
1058 2393 1127 2453 et
1172 2387 1468 2472 exequiis
1536 2386 1783 2473 singuli
1849 2386 2025 2464 socii,
2077 2388 2194 2471 qui
2248 2409 2367 2472 pro
2434 2391 2726 2472 tempore

616 2488 879 2566 fuerint,
957 2493 1312 2553 teneantur
1384 2487 1816 2573 personaliter
1887 2487 2222 2553 interesse.
2348 2486 2725 2553 Consimilis

616 2593 840 2653 autem
871 2588 1095 2666 forma,
1129 2588 1343 2673 quoad
1378 2588 1927 2653 Anniversarium
1957 2609 2212 2673 sponsae
2257 2609 2420 2653 meae
2451 2588 2724 2667 dilectae,

619 2689 1023 2775 Margaretae,
1056 2689 1321 2774 penitus
1352 2689 1749 2754 observetur.
1842 2688 1950 2752 Ad
1981 2688 2123 2754 haec
2145 2688 2473 2774 siquidem
2503 2689 2728 2755 omnia

616 2797 686 2856 et
746 2790 1007 2877 singula
1051 2791 1434 2877 praescripta
1477 2790 1761 2855 fideliter
1805 2790 2230 2867 observanda,
2277 2789 2559 2875 quilibet
2620 2811 2724 2857 ca·

616 2891 932 2977 pellanus‚
979 2914 1098 2977 per
1151 2913 1257 2956 me
1302 2896 1371 2957 et
1416 2891 1706 2956 haeredes
1773 2912 1952 2957 meos
2020 2890 2215 2957 dictae
2270 2891 2494 2956 domui
2557 2913 2724 2979 prae·

614 3000 929 3071 sentatus‚
953 2993 1064 3058 vel
1086 2993 1599 3079 praesentandus,
1624 3014 1741 3057 seu
1769 3014 1888 3078 per
1918 2980 2456 3058 communitatem
2480 2991 2726 3060 electus

618 3095 728 3160 vel
772 3094 1129 3181 eligendus,
1176 3094 1408 3159 divina
1451 3092 1677 3172 officia,
1723 3093 1949 3171 forma,
1994 3098 2076 3157 ut
2118 3094 2514 3179 praedicitur,
2562 3094 2726 3161 cele-

616 3196 941 3273 braturuS,
974 3196 1171 3261 tactis
1218 3194 1680 3271 Sacrosanctis,
1728 3194 2056 3280 corporale
2101 3199 2352 3279 prestet
2387 3194 2725 3279 juramen-

616 3304 781 3363 tum.
872 3298 919 3363 J
919 3304 1067 3362 uret
1112 3298 1317 3362 etiam
1362 3297 1755 3383 capellanus,
1802 3296 1876 3359 in
1905 3318 2026 3361 sua
2069 3297 2156 3361 ad
2187 3297 2456 3361 domum
2484 3297 2726 3361 admis-

616 3399 813 3476 sione,
862 3402 1114 3463 secreta
1160 3398 1409 3475 domus,
1459 3397 1628 3463 clam
1674 3396 1783 3461 vel
1844 3396 2080 3482 palam,
2125 3396 2376 3461 nemini
2419 3396 2728 3473 revelare,

618 3499 795 3563 unde
856 3498 1173 3562 damnum
1226 3499 1336 3562 vel
1396 3496 1780 3563 scandalum
1841 3496 2036 3562 dictae
2101 3496 2342 3574 domui,
2387 3497 2562 3565 socio
2621 3497 2729 3562 vel

617 3600 823 3677 sociis,
855 3600 1106 3685 poterit
1138 3600 1417 3665 evenire.
1514 3598 1646 3679 Qui
1679 3598 1899 3675 etiam,
1930 3598 2004 3662 in
2049 3619 2170 3663 sua
2199 3598 2285 3664 ad
2314 3599 2583 3663 domum
2613 3599 2728 3663 ad-

616 3701 937 3778 missione,
956 3701 1301 3767 renunciet
1319 3723 1437 3786 per
1454 3700 1659 3765 verba
1680 3721 1987 3785 expressa
2005 3700 2184 3765 omni
2201 3699 2444 3765 futurae
2463 3699 2726 3777 actioni,

606 3802 779 3887 juris
823 3802 1111 3866 remedio
1160 3802 1621 3888 cujuscunque,
1668 3808 1808 3867 tam
1853 3801 2165 3880 canonici,
2213 3823 2414 3887 quam
2459 3822 2726 3869 consue·

615 3903 937 3968 tudinarii
982 3909 1052 3968 et
1096 3902 1326 3980 civilis,
1374 3904 1432 3968 si
1476 3904 1712 3993 forsan
1759 3903 1845 3968 ob
1909 3924 2031 3969 sua
2081 3903 2414 3981 demerita,
2460 3924 2505 3968 a
2548 3904 2727 3970 dicta

617 4004 811 4069 domo
855 4002 1073 4089 ipsum
1121 4002 1271 4088 ejici
1316 4004 1671 4089 continget,
1718 4004 1792 4067 in
1837 4002 2153 4069 futurum.
2266 4004 2314 4068 J
2315 4008 2464 4068 uret
2522 4004 2726 4069 etiam

617 4126 841 4171 omnes
871 4103 1316 4168 ordinationes
1347 4126 1466 4189 per
1489 4126 1610 4181 me,
1632 4124 1751 4189 pro
1781 4103 2080 4189 profectu
2110 4102 2444 4189 praedictae
2475 4103 2724 4181 domus,

617 4210 686 4270 et
705 4205 1063 4281 honestate,
1085 4204 1438 4281 ordinatas,
1460 4209 1530 4268 et
1548 4225 1956 4289 quaecunque
1987 4203 2121 4269 alia
2149 4203 2500 4289 privilegia
2528 4204 2724 4272 dictae

614 4308 864 4384 domus,
897 4306 1215 4392 quamdiu
1258 4306 1331 4371 in
1378 4326 1454 4371 eo
1500 4305 1719 4382 fuerit,
1750 4306 2112 4371 observare.
2205 4304 2394 4382 Item,
2431 4304 2724 4372 habeant

613 4410 775 4476 dicti
821 4408 1161 4487 scholares,
1208 4408 1506 4493 qualibet
1550 4408 1658 4472 die
1700 4406 1993 4485 sabbati,
2043 4406 2313 4473 Missam
2365 4428 2514 4473 eum
2559 4414 2721 4473 nota

613 4512 695 4577 de
726 4510 936 4577 Beata
964 4510 1253 4596 Virgine,
1288 4508 1551 4594 quando
1595 4508 1795 4573 aliam
1827 4507 2099 4573 Missam
2143 4529 2294 4574 eum
2336 4513 2514 4586 nota,
2552 4508 2716 4575 cele-

613 4614 820 4690 brare,
850 4634 968 4677 seu
996 4612 1069 4676 in
1099 4610 1371 4679 ecclesia
1416 4609 1794 4697 parochiali,
1827 4609 1937 4675 vel
1981 4609 2143 4675 alibi
2187 4610 2261 4674 in
2289 4610 2510 4676 Missis
2544 4610 2714 4677 Uni-

613 4714 948 4780 versitatis
979 4713 1307 4792 interesse,
1330 4734 1467 4779 non
1496 4718 1824 4779 tenentur.
1894 4710 2023 4779 Cui
2047 4712 2282 4791 Missae,
2308 4712 2381 4778 in
2400 4712 2714 4781 honorem
