3592 5817
1027 854 1424 907 mmmmm
1470 855 1875 908 PALATINUM
1921 854 2408 908 mmmmm.
2678 840 2763 911 73

395 1047 540 1143 ᾗῇ
555 1050 595 1099 8·
671 1042 856 1107 dium
885 1062 1020 1108 non
1046 1044 1394 1122 modicum,
1425 1049 1496 1109 et
1520 1065 1895 1131 gravamen.
1988 1046 2129 1111 Nos
2158 1046 2365 1133 igitur
2394 1044 2771 1130 hujusmodi
2824 1058 3074 1153 apgom.

541 1127 554 1141 ⁹
671 1163 1046 1229 gravamen,
1095 1145 1271 1229 quod
1315 1145 1522 1222 nobis,
1568 1150 1640 1210 et
1683 1146 1875 1231 quasi
1917 1146 2046 1211 toti
2090 1147 2334 1232 populo
2379 1151 2575 1211 terrae
2618 1166 2769 1211 con·
2998 1139 3011 1153 '

668 1243 1007 1330 tingentis,
1055 1250 1156 1309 est
1197 1266 1502 1323 nocuum,
1531 1247 1921 1325 continuari,
1954 1268 2071 1312 seu
2101 1247 2429 1323 sustineri,
2474 1246 2773 1313 nolentes

671 1345 934 1432 injuste,
979 1346 1169 1411 vobis
1213 1348 1619 1425 mandamus,
1666 1349 1860 1433 quod,
1906 1354 2139 1415 vocato
2184 1370 2401 1415 coram
2446 1348 2651 1427 vobis,
2696 1349 2771 1414 in

669 1446 907 1512 itinere
950 1453 1188 1525 vestro,
1235 1448 1549 1533 praedicto
1595 1448 1964 1527 EdmundO,
2009 1449 2066 1515 si
2110 1450 2426 1515 interesse
2468 1448 2771 1528 voluerit,

670 1554 740 1613 et
781 1548 1028 1613 auditis
1073 1549 1356 1634 querelis
1413 1555 1484 1615 et
1526 1550 1895 1616 rationibus
1939 1552 2205 1637 majoris
2264 1558 2335 1617 et
2376 1552 2771 1617 ballivorum

671 1654 1045 1715 nostrorum
1092 1650 1614 1728 Eboracensium,
1661 1672 1843 1736 quas,
1874 1673 1995 1737 pro
2040 1653 2246 1730 nobis,
2279 1657 2348 1717 et
2389 1652 2773 1739 gravamine

670 1752 866 1817 dictae
911 1752 1204 1817 civitatis
1235 1758 1304 1817 et
1347 1752 1625 1817 aliorum
1654 1753 1999 1819 hominum
2042 1760 2237 1820 terrae
2266 1761 2525 1833 nostrae,
2556 1774 2771 1820 coram

667 1855 860 1920 vobis
925 1855 1249 1940 deponere
1322 1855 1670 1932 voluerint,
1736 1861 1876 1921 tam
1949 1878 2145 1942 super
2210 1857 2437 1922 eodem
2512 1856 2775 1943 publico

666 1955 1065 2040 gravamine,
1113 1976 1312 2039 quam
1372 1976 1570 2041 super
1627 1961 1921 2042 tempore
1982 1962 2051 2023 et
2100 1958 2295 2022 modo
2354 1957 2772 2023 arestationis

669 2055 1019 2141 praedictae,
1051 2054 1358 2120 similiter
1400 2060 1470 2121 et
1513 2057 1877 2123 exactionis
1908 2062 1978 2122 et
2020 2058 2411 2143 receptionis
2454 2058 2769 2143 pecuniae,

668 2154 867 2242 quam
909 2156 1264 2242 praedictus
1295 2156 1616 2223 Ricardus
1659 2157 1816 2222 inde
1845 2157 2019 2235 fecit,
2051 2158 2125 2222 in
2162 2158 2309 2224 vita
2335 2178 2487 2235 sua,
2518 2179 2774 2224 necnon

669 2261 739 2322 et
781 2257 1296 2323 continuationis
1349 2257 1649 2343 praedicti
1696 2257 2049 2337 Edmundi,
2094 2280 2137 2324 a
2200 2263 2493 2346 tempore
2538 2259 2769 2324 mortis

669 2358 969 2444 praedicti
1015 2358 1284 2423 Ricardi
1345 2379 1554 2443 usque
1615 2358 1702 2424 ad
1763 2378 2052 2445 praesens
2095 2360 2225 2424 iter
2290 2365 2601 2437 vestrum,
2655 2380 2774 2445 per

673 2464 1154 2525 sacramentum
1199 2464 1339 2523 tam
1383 2459 1674 2524 militum
1719 2481 1920 2545 quam
1963 2460 2243 2525 aliorum
2301 2460 2655 2525 liberorum
2702 2464 2771 2525 et

671 2560 982 2647 legalium
1047 2559 1391 2626 hominum
1459 2562 1542 2626 de
1585 2562 1906 2627 comitatu
1971 2562 2302 2648 praedicto,
2350 2562 2432 2627 de
2494 2583 2773 2647 quorum

672 2663 956 2728 veritate
986 2662 1177 2728 firma
1205 2662 1368 2727 fides
1397 2660 1625 2728 haberi
1655 2664 1879 2748 possit,
1912 2660 2296 2750 diligentem
2326 2664 2483 2729 inde
2511 2664 2775 2729 faciatis

673 2766 1186 2851 inquisitionem.
1265 2765 1355 2830 Et
1383 2766 1442 2829 si
1471 2787 1589 2851 per
1616 2766 2112 2851 inquisitionem
2144 2766 2343 2843 illam,
2382 2764 2773 2831 inveneritis

672 2869 846 2954 quod
892 2869 1225 2954 praedictae
1270 2888 1460 2953 aquae
1490 2868 1835 2954 praedictis*
1870 2868 2125 2934 civibus
2170 2868 2411 2933 nostris
2441 2889 2518 2935 ac
2562 2868 2770 2932 omni-

671 2970 794 3036 bus
839 2974 911 3035 et
976 2968 1270 3055 singulis,
1317 2958 1489 3034 sicut
1550 2970 1941 3054 praedictum
1986 2975 2101 3047 est,
2147 2969 2371 3035 liberae
2416 2974 2487 3034 et
2531 2970 2775 3055 quietae

673 3094 812 3138 esse
856 3072 1156 3150 debeant,
1189 3076 1259 3136 et
1303 3093 1441 3136 esse
1486 3077 1985 3149 consueverunt,
2017 3076 2372 3158 antequam
2415 3072 2771 3157 praedictus

674 3173 996 3239 Ricardus
1040 3173 1112 3237 id
1171 3172 1562 3259 impedierit,
1609 3179 1748 3237 tam
1803 3173 1877 3236 in
1919 3173 2393 3258 piscationibus
2452 3193 2651 3257 quam
2696 3172 2769 3237 in

673 3276 862 3341 bonis
884 3276 1224 3353 cariandis,
1245 3281 1408 3341 tunc
1425 3276 1801 3341 exactiones
1825 3296 1988 3361 quas
2005 3276 2359 3361 praedictus
2382 3275 2771 3340 Edmundus

673 3376 816 3442 fieri
860 3376 1024 3443 facit
1066 3398 1185 3463 pro
1230 3376 1720 3453 consuetudine,
1757 3376 1831 3440 in
1875 3378 2064 3461 aquis
2108 3376 2455 3462 praedictiS,
2502 3375 2771 3445 omnino

675 3499 924 3545 cessare
967 3478 1243 3554 faciatiS,
1275 3482 1345 3542 et
1387 3476 1700 3541 statuatis
1733 3477 1909 3561 quod
1954 3498 2179 3541 omnes
2224 3481 2295 3541 et
2338 3476 2599 3563 singuli,
2630 3480 2770 3540 tam

675 3578 746 3643 in
813 3580 1174 3665 piscatione
1242 3598 1440 3663 quam
1507 3578 1580 3641 in
1643 3578 1933 3643 transitu
1998 3576 2330 3663 praedictO,
2376 3576 2570 3641 liberi
2620 3577 2771 3655 sint,

677 3682 867 3760 sicut,
890 3704 1008 3768 per
1037 3681 1516 3767 inquisitioneS,
1538 3680 1929 3745 inveneritis
1961 3700 2069 3746 eos
2098 3680 2299 3745 fuisse
2328 3685 2483 3745 ante
2513 3684 2774 3766 tempus

677 3784 946 3849 Ricardi
1013 3784 1388 3869 supradicti.
1500 3783 1693 3849 Teste
1755 3784 2023 3869 meipso,
2084 3784 2263 3869 apud
2328 3782 2771 3849 Westmonas·

675 3886 933 3963 terium,
979 3886 1094 3970 xij.
1151 3886 1258 3951 die
1303 3886 1714 3963 Novembris,
1762 3907 1936 3951 anno
1980 3886 2167 3973 regni
2224 3886 2435 3951 nosti-i
2481 3886 2774 3971 septimo

767 3986 858 4051 Et
915 3988 1092 4051 unde
1150 3986 1360 4072 major
1419 3987 1712 4054 civitatis
1756 3988 2106 4073 praedictae,
2153 3988 2269 4071 qui
2315 3987 2614 4071 sequitur
2658 4006 2776 4071 pro

679 4089 943 4154 domino
987 4110 1156 4174 rege,
1203 4094 1271 4153 et
1313 4110 1432 4175 pro
1485 4090 1957 4155 communitate
2003 4088 2295 4173 ejusdem
2352 4088 2659 4164 civitatiS,
2706 4093 2776 4151 et

677 4196 818 4257 toto
865 4190 1106 4276 populo
1152 4190 1354 4275 regni,
1402 4189 1582 4267 dicit,
1627 4190 1820 4275 quod,
1867 4211 2017 4255 cum
2063 4190 2239 4254 cives
2270 4188 2561 4273 ejusdem
2607 4187 2768 4253 civi-

677 4295 854 4373 tatis,
901 4299 971 4359 et
1037 4293 1152 4359 alii
1198 4294 1588 4379 quicunque,
1632 4293 1872 4378 piscari
1915 4292 2215 4357 solebant
2259 4292 2332 4355 in
2375 4291 2565 4376 aquis
2609 4312 2775 4377 prae-

679 4396 890 4473 dictiS,
935 4416 978 4460 a
1022 4395 1293 4460 civitate
1337 4393 1652 4479 praedicta
1693 4413 1903 4478 usque
1948 4393 2034 4457 ad
2078 4392 2357 4456 Pontem
2417 4390 2641 4476 Burgi,
2688 4391 2774 4455 ad

678 4499 1091 4564 voluntatem
1123 4497 1412 4582 ipsorum
1446 4516 1980 4581 quorumcunque
2019 4494 2257 4580 piscari
2282 4517 2297 4572 ;
2342 4498 2411 4558 et
2454 4492 2774 4570 similiter,

679 4599 980 4685 praedicti
1048 4598 1241 4675 civeS,
1303 4602 1372 4663 et
1434 4597 1654 4663 caeteri
1715 4596 2106 4681 quicunque,
2167 4594 2411 4660 cariare
2479 4594 2776 4661 solebant

683 4700 1015 4779 victualia,
1063 4704 1132 4767 et
1193 4698 1326 4765 ali'a
1391 4698 1754 4765 necessaria
1821 4718 1956 4775 sua,
2004 4718 2123 4783 per
2164 4716 2367 4782 aquas
2412 4697 2773 4783 praedictas,
