3592 5817
502 985 614 1030 Δ.Ῑ>.
631 987 748 1028 1388.

470 1041 604 1186 {a}
578 1042 754 1192 ἕως

471 1143 652 1236 diocese
669 1193 721 1236 of

473 1243 740 1288 monaster.

805 771 934 834 214
1166 783 1562 834 mammon
1607 783 2015 834 rmum
2061 781 2553 840 DUNELMENSE.

805 960 1464 1048 Hagworthingham,
1509 960 1795 1028 vicarius
1841 960 2126 1029 ecclesiae
2157 961 2240 1025 de
2269 959 2691 1036 Hautwesel',
2722 959 2913 1023 Du‘n-

805 1063 1108 1130 elmensis
1187 1062 1502 1140 dioecesis
1578 1063 1947 1140 intendant,
2024 1067 2104 1126 ut
2178 1067 2497 1139 asserunt,
2563 1083 2686 1126 sua
2745 1083 2912 1147 prae-

807 1165 984 1232 dicta
1033 1165 1350 1232 beneficia
1411 1187 1496 1230 ex
1558 1164 1770 1230 causis
1812 1164 2031 1242 licitis,
2076 1164 2281 1229 libere
2326 1169 2396 1229 et
2460 1164 2605 1228 sine
2665 1163 2911 1240 fraude,

806 1267 893 1333 ad
954 1267 1240 1334 invicem
1301 1266 1608 1332 canonice
1673 1271 2064 1351 permutare,
2134 1267 2295 1331 dum
2354 1271 2585 1332 tamen
2650 1265 2913 1330 illorum

807 1389 1084 1456 quorum
1129 1368 1488 1454 requiritur
1530 1369 1887 1434 auctoritas
1932 1368 2383 1444 intervenerit,
2430 1373 2500 1432 et
2544 1388 2911 1444 consensus,
2990 1453 2999 1459 -

808 1471 1026 1556 sitque
1094 1471 1308 1535 dictus
1375 1469 1604 1556 Hugo·
1644 1491 1762 1555 per
1824 1468 2157 1555 religiosos
2232 1470 2425 1545 viros
2487 1470 2771 1554 priorem
2846 1473 2915 1534 et

807 1571 1172 1658 capitulum
1217 1576 1460 1636 nostrae
1525 1570 1919 1637 cathedralis
1988 1571 2273 1638 ecclesiae
2337 1571 2678 1648 Roffensis,
2724 1591 2913 1635 veros

765 1674 1008 1740 ‚dictae
1084 1673 1349 1742 vicariae
1425 1673 1711 1740 ecclesiae
1789 1669 2053 1738 Sanctae
2130 1673 2512 1759 Werburgae
2587 1677 2946 1757 patronos‚·

808 1775 998 1842 nobis
1044 1776 1129 1841 ad
1193 1775 1470 1840 eandem
1515 1775 1849 1852 vicariam,
1898 1796 1985 1840 ex
2047 1796 2245 1840 causa
2303 1773 2701 1858 hujusmodi,
2746 1795 2913 1859 prae-

809 1882 1142 1942 sentatus:
1202 1895 1322 1940 nos
1396 1877 1886 1961 permutationi,
1948 1881 2272 1960 quantum
2334 1876 2423 1940 ad
2488 1897 2609 1940 nos
2652 1875 2909 1951 attinet,

809 1976 1292 2044 consentientes
1336 1975 1686 2062 praedictae,
1756 1977 1844 2042 ad
1907 1976 2278 2042 faciendum
2354 1977 2618 2062 inquiri,
2684 1981 2909 2061 quate-

785 2073 936 2144 ‘nus
973 2078 1086 2163 jus
1131 2077 1344 2162 exigit
1405 2099 1522 2162 per
1589 2077 2120 2144 archidiaconum
2164 2083 2461 2142 nostrum
2498 2077 2909 2154 'Roffensem‚

807 2179 918 2244 vel
963 2179 1104 2264 ejus
1150 2177 1505 2256 officialem,
1553 2201 1752 2265 super
1818 2180 2115 2245 articulis
2160 2180 2489 2246 consuetis
2536 2185 2605 2244 et
2672 2179 2911 2244 debitis

808 2281 882 2346 in
955 2280 1080 2347 hac
1141 2286 1344 2367 parte,
1414 2301 1670 2346 necnon
1735 2281 1824 2346 ad
1890 2281 2310 2360 audiendum,
2382 2280 2911 2356 examinandum,

808 2382 1295 2448 discutiendum
1317 2423 1334 2432 -
1363 2385 1433 2446 et
1523 2382 2039 2468 approbandum,
2108 2403 2335 2447 causas
2408 2382 2913 2468 permutationis

810 2484 1120 2570 ejusdem,
1167 2489 1493 2568 quatenus
1560 2484 1647 2548 ad
1713 2505 1835 2549 nos
1898 2483 2159 2561 attinet,
2222 2489 2292 2548 et
2358 2484 2441 2548 de
2496 2485 2651 2568 jure
2712 2484 2913 2548 fuerit

806 2585 1195 2662 faciendum,
1229 2590 1298 2650 et
1326 2583 1412 2649 ad
1441 2584 1980 2650 auctorizandum
2012 2585 2317 2650 canonice
2360 2587 2913 2671 permutationem

809 2686 1101 2762 eandem,
1172 2685 1229 2749 si
1297 2685 1510 2769 ipsam
1579 2686 1999 2751 decreveritis
2066 2686 2204 2752 fore
2272 2686 2655 2764 faciendam,
2702 2693 2785 2764 et,
2840 2687 2917 2751 in

808 2791 1122 2852 eventum
1189 2786 1678 2870 approbationis
1745 2787 2142 2872 hujusmodi,
2204 2788 2644 2874 resignatione
2719 2789 2913 2854 dictae

807 2887 1074 2954 vicariae
1121 2886 1383 2952 Sanctae
1430 2886 1832 2974 Werburgae,
1880 2910 1966 2952 ex
2010 2910 2208 2954 causa
2250 2888 2604 2974 praemissa,
2651 2911 2767 2976 per
2794 2911 2914 2955 vos

807 2989 1133 3075 primitus,
1180 2988 1328 3066 vice
1369 2994 1438 3052 et
1481 2990 1877 3056 auctoritate
1919 2995 2160 3068 nostra,
2192 2991 2499 3068 admissa,
2524 2992 2914 3076 praedictum

808 3091 1162 3177 Hugonem
1207 3089 1292 3154 ad
1339 3089 1584 3156 dictam
1627 3090 1943 3156 vicariam
1990 3090 2251 3157 Sanctae
2291 3089 2689 3178 werburgae,
2713 3093 2916 3177 juxta

807 3192 1086 3259 formam
1139 3191 1710 3257 Constitutionum
1780 3191 2196 3257 dominorum
2273 3193 2508 3260 Otonis
2576 3199 2645 3258 et
2722 3191 2913 3259 Otto-

806 3295 978 3372 boni,
1027 3294 1358 3380 quondam
1403 3294 1476 3358 in
1520 3293 1767 3380 Anglia
1812 3292 2001 3358 Sedis
2046 3293 2441 3380 Apostolicoe
2502 3295 2913 3381 Legatorum,

809 3397 882 3462 in
928 3419 1005 3462 ea
1070 3402 1257 3482 parte
1321 3395 1663 3471 editarum,
1730 3395 2237 3474 admittendum,
2302 3401 2371 3461 et
2424 3397 2748 3462 vicarium
2811 3397 2913 3462 in-

806 3497 1220 3563 stituendum
1264 3496 1338 3560 in
1384 3515 1476 3573 ea,
1508 3496 1669 3560 dum
1715 3500 1939 3562 tamen
1992 3498 2376 3562 canonicum
2419 3519 2555 3562 non
2600 3499 2914 3582 obsistat;

808 3619 1064 3664 necnon
1107 3596 1330 3662 omnia
1373 3597 1506 3662 alia
1572 3602 1641 3662 et
1707 3598 1970 3683 singula
2012 3598 2385 3666 faciendum
2431 3605 2501 3663 et
2559 3601 2911 3685 expedien-

811 3700 985 3774 dum,
1033 3718 1182 3782 quse
1229 3698 1301 3762 in
1346 3719 1423 3762 ea
1465 3703 1652 3783 parte
1696 3699 2058 3766 necessaria
2101 3700 2363 3777 fuerint,
2404 3685 2481 3765 ‘et
2525 3707 2908 3786 opportuna,

816 3799 1075 3864 etiamsi
1106 3798 1496 3863 mandatum
1529 3800 1802 3885 exigant
1831 3800 2150 3886 speciale3
2198 3801 2509 3868 canonica
2538 3802 2913 3867 obedientia

810 3900 972 3966 dicti
1018 3899 1339 3986 Hugonis,
1373 3905 1443 3964 et
1485 3901 1868 3966 inductione
1897 3901 1971 3965 in
2000 3903 2397 3986 corporalem
2441 3893 2911 3988 possessionem
2950 3972 2955 3984 ,

809 4001 1073 4068 vicariae
1135 4000 1420 4067 ecclesiae
1479 4001 1860 4088 Werburgae
1906 4004 2315 4089 supradictae,
2363 4004 2552 4069 nobis
2614 4005 2909 4089 speciali-

815 4108 913 4170 ter
957 4103 1322 4181 reservatis,
1368 4104 1570 4182 vobis
1631 4110 1702 4169 et
1770 4105 2035 4190 utrique
2080 4111 2391 4182 vestrum,
2438 4105 2911 4172 committimus

690 4286 698 4294 ,
813 4207 989 4272 vices
1033 4211 1310 4271 nostras.
1400 4206 1492 4270 Et
1535 4207 1696 4292 quid
1741 4206 2042 4284 feceritis,
2080 4230 2197 4274 seu
2240 4208 2468 4273 fecerit
2514 4208 2735 4293 quivis
2765 4229 2910 4273 ves-

811 4313 1006 4385 trum,
1038 4309 1111 4372 in
1155 4307 1524 4395 praemissis,
1555 4329 1672 4372 nos
1719 4309 2075 4374 certificare
2120 4309 2376 4386 curetis,
2407 4331 2523 4374 seu
2569 4315 2755 4377 curet
2798 4309 2915 4375 ille

814 4409 930 4494 qui
975 4410 1227 4476 dictum
1272 4409 1603 4495 negotiam
1651 4411 2031 4495 expedierit,
2078 4433 2197 4496 per
2256 4416 2527 4489 vestras,
2572 4411 2683 4476 vel
2742 4433 2909 4490 suas,

813 4516 1114 4597 patentes
1158 4512 1399 4588 literas,
1445 4511 1690 4595 pariter
1735 4517 1805 4577 et
1848 4512 2115 4589 clausas,
2162 4512 2414 4592 harum,
2463 4518 2533 4578 et
2574 4535 2911 4600 processus

811 4611 886 4677 in
943 4611 1068 4678 hac
1110 4617 1298 4698 parte
1340 4611 1571 4690 habiti,
1619 4613 1852 4679 seriem
1898 4613 2323 4690 continentes.
2417 4614 2671 4682 Datum
2730 4615 2905 4701 apud
