3592 5817
1001 920 1397 970 REGISTRUM
1444 918 1850 969 PALATINUM
1897 917 2383 968 DUNELMENSE.
2613 904 2742 966 253

642 1109 781 1172 tam
812 1104 987 1170 infla
1028 1104 1367 1170 libertates
1397 1125 1595 1190 quam
1637 1108 1843 1180 extra,
1888 1104 2196 1188 cuiquam
2227 1124 2362 1168 non
2406 1104 2745 1189 parcend0,
2807 1115 2918 1162 A-D.
2934 1119 3048 1162 1³⁴⁰-

644 1231 765 1296 per
834 1208 1225 1274 indenturas
1296 1208 1451 1272 inde
1526 1208 1703 1272 inter
1770 1207 1950 1292 ipsos
2025 1210 2338 1291 captores,
2385 1211 2455 1270 et
2521 1227 2744 1272 eorum

644 1311 1023 1397 quemlibet,
1071 1315 1141 1376 et
1184 1311 1343 1396 illos⁸
1377 1333 1419 1375 a
1455 1309 1695 1394 quibus
1741 1309 1938 1375 dictae
1983 1308 2153 1374 lanoe
2198 1313 2425 1394 captae,
2458 1314 2539 1373 ut
2581 1331 2746 1395 pree·

520 1419 527 1428 '
644 1413 955 1490 mittitur,
1000 1412 1364 1489 extiterint,
1412 1412 1858 1496 quantitatem
1903 1411 2090 1488 lanae,
2139 1417 2208 1476 et
2254 1410 2396 1495 ejus
2441 1413 2748 1497 pretium,

648 1516 825 1600 quod
869 1515 1033 1580 alias
1080 1535 1197 1600 per
1241 1518 1633 1580 mercatores
1677 1512 1866 1598 regni
1911 1513 2138 1590 nostri,
2185 1513 2270 1578 ad
2335 1513 2747 1578 commodum

648 1617 875 1704 populi
921 1617 977 1701 ej
985 1617 1218 1682 usdem
1246 1606 1449 1702 reg'rni,
1490 1616 1870 1680 ordinatum
1902 1614 2049 1690 fuit,
2097 1615 2525 1693 continentes
2557 1616 2750 1681 modo

649 1720 872 1785 debito
902 1719 1293 1796 faciendum,
1326 1724 1395 1782 et
1423 1717 1509 1782 ad
1540 1717 1725 1784 lanas
1754 1717 2119 1802 praedictaS,
2143 1717 2230 1780 ad
2259 1738 2424 1803 opus
2454 1723 2752 1783 nostrum

650 1822 723 1887 in
768 1821 1011 1891 eisdem
1041 1821 1465 1887 comitatibus
1496 1820 1589 1886 sie
1620 1820 1984 1905 capiendas,
2017 1841 2226 1904 usque
2271 1826 2480 1886 certos
2527 1827 2753 1907 portus

651 1923 803 1990 duci
835 1929 902 1990 et
932 1923 1165 1990 cariari
1195 1923 1607 2001 faciendum3
1652 1922 1751 1987 ita
1781 1921 1959 2007 quod
2005 1921 2198 1987 dictae
2247 1924 2414 1988 lanae
2447 1924 2528 1987 de
2559 1925 2754 1989 dictis

650 2025 1073 2092 comitatibus
1116 2024 1399 2091 fuissent
1434 2025 1506 2090 in
1550 2024 1749 2091 dictis
1792 2024 2115 2110 portubus
2161 2024 2246 2089 ad
2293 2025 2544 2091 dictum
2590 2033 2753 2091 tem·

650 2151 790 2214 pus,
829 2129 971 2218 j'am
1018 2128 1328 2214 elapsum,
1358 2128 1446 2192 ad
1492 2131 1713 2212 partes
1752 2126 2250 2210 transmarinas,
2285 2127 2400 2192 ubi
2448 2150 2558 2192 eas
2604 2128 2754 2194 duci

578 2293 584 2304 ,
647 2231 1115 2307 ordinavimus,
1162 2229 1715 2296 transmittendae.
1816 2229 1916 2294 Ac
1952 2229 2095 2312 jam
2141 2229 2417 2315 praelati,
2465 2231 2753 2306 abbates,

647 2333 911 2419 priore&
972 2333 1259 2409 comiteS,
1322 2333 1597 2398 barones
1660 2336 1729 2396 et
1772 2330 1908 2408 alii,
1955 2351 2032 2396 ae
2091 2333 2527 2398 communitas
2590 2334 2752 2398 dicti

650 2437 852 2520 regni,
898 2434 971 2498 in
1020 2435 1331 2520 praesenti
1366 2435 1607 2518 Magno
1654 2431 1952 2499 Concilio
1998 2433 2178 2518 apud
2227 2434 2752 2521 Northampton’,

534 2554 547 2566 ·
652 2538 725 2601 in
785 2537 1070 2602 crastino
1134 2536 1363 2602 Sancti
1409 2535 1454 2600 J
1455 2536 1642 2601 acobi
1702 2536 2008 2622 proximo
2061 2537 2203 2621 jam
2265 2537 2618 2621 praeterito,
2674 2539 2753 2603 de

654 2639 967 2704 mandato
1012 2644 1235 2704 nostro
1266 2643 1468 2714 tent0,
1502 2638 1820 2723 expositis
1866 2637 1959 2702 eis
2006 2639 2218 2704 causis
2263 2639 2757 2726 subscriptiss-

652 2740 977 2818 videlicet,
1024 2763 1143 2826 per
1185 2740 1531 2825 praedictos
1577 2739 1900 2825 praelatos,
1951 2745 2307 2826 magnateS,
2356 2749 2424 2805 et
2467 2763 2756 2806 commu-

654 2844 933 2909 nitatem
998 2843 1204 2928 ipsius
1250 2843 1453 2928 regni,
1501 2843 1574 2907 in
1636 2842 1914 2907 diversis
1974 2843 2428 2929 parliamentis
2481 2849 2550 2909 et
2609 2844 2757 2908 aliis

654 2945 943 3011 consiliis
1002 2945 1259 3022 nostriS,
1308 2945 1611 3011 extiterit
1671 2945 2134 3011 concordatum
2164 2946 2366 3030 ,quod
2425 2968 2560 3024 nos,
2609 2969 2757 3012 eum

652 3069 855 3113 manu
907 3048 1165 3133 potenti
1226 3047 1311 3112 ad
1372 3053 1591 3133 partes
1653 3050 2140 3130 transmarinaS,
2203 3070 2321 3134 pro
2383 3049 2756 3115 defensione

652 3155 721 3216 et
786 3149 1151 3216 salvatione
1210 3151 1397 3235 regni
1464 3149 1782 3234 praedicti,
1847 3155 1914 3215 et
1977 3149 2238 3216 Sanctae
2301 3150 2620 3229 Ecclesiae,
2683 3173 2760 3218 ac

650 3252 879 3338 populi
942 3251 1251 3336 ejusdem,
1300 3256 1369 3316 et
1413 3251 1691 3316 aliorum
1746 3252 2002 3336 jurium
2062 3274 2318 3317 coronae
2369 3259 2626 3330 nostrae,
2673 3255 2758 3319 ad

651 3354 1138 3441 reprimendum
1200 3352 1525 3418 malitiam
1598 3352 1999 3418 Francorum
2061 3360 2131 3418 et
2189 3354 2466 3418 aliorum
2528 3355 2756 3419 alieni-

653 3477 985 3542 genarum,
1020 3456 1137 3540 qui
1170 3455 1345 3520 idem
1392 3475 1671 3539 regnum
1702 3455 1944 3540 saepius
1991 3454 2321 3520 hostiliter
2351 3457 2755 3550 invaserunt,

656 3564 727 3624 et
770 3563 1068 3622 nostrum
1132 3556 1499 3621 dominium
1562 3556 1944 3621 subvertere
1997 3557 2398 3633 nitebantur,
2438 3558 2758 3644 proficisci

657 3659 1085 3746 personaliter
1130 3659 1457 3734 debemus,
1504 3662 1575 3723 et
1618 3658 1904 3742 qualiter
1965 3658 2036 3721 in
2097 3659 2603 3726 subventionem
2645 3684 2760 3725 ex-

659 3781 1007 3847 pensarum
1054 3781 1216 3845 quas
1264 3779 1341 3824 ea
1386 3759 1467 3824 de
1514 3780 1711 3825 causa
1754 3781 1874 3825 nos
1920 3758 2128 3826 facere
2189 3767 2534 3846 oporteret,
2583 3764 2761 3830 dicta

659 3863 903 3948 viginti
966 3861 1177 3926 millia
1234 3869 1566 3928 saccorum
1625 3863 1817 3927 nobis
1878 3883 2180 3929 concessa
2247 3865 2625 3944 extiterant,
2693 3874 2760 3932 et

657 3985 775 4049 per
842 3961 1051 4028 dictos
1117 3962 1440 4047 praelatos„
1508 3968 1850 4049 magnates
1918 3968 1989 4027 et
2055 3967 2611 4045 communitatem,
2689 3969 2761 4034 in
2861 3963 2864 3968 ’

658 4065 836 4131 dicto
880 4064 1118 4130 ultimo
1166 4064 1606 4130 Parliamento
1646 4065 1837 4131 nobis
1877 4065 2094 4130 fuerat
2139 4067 2614 4133 instantissime
2659 4093 2757 4134 re-

660 4165 995 4251 quisitum,
1029 4165 1205 4249 quod
1236 4185 1648 4250 progressum
1694 4170 1994 4230 nostrum
2025 4187 2253 4232 versus
2285 4167 2493 4233 dicta-s
2539 4176 2759 4255 partes

656 4267 1127 4333 transmarinas
1174 4289 1258 4332 ex
1304 4287 1499 4332 eausa
1543 4266 2000 4333 festinaremus
2045 4268 2400 4346 antedicta,
2442 4272 2540 4336 ita
2586 4273 2762 4357 quod

660 4371 719 4436 si
781 4371 877 4435 sic
938 4367 1125 4434 fieret
1190 4368 1381 4434 nobis
1449 4369 1907 4454 provideretur
1968 4369 2236 4435 uberius
2300 4393 2418 4456 per
2485 4375 2759 4453 eosdem,

658 4469 943 4556 qualiter
972 4470 1173 4536 etiam
1218 4470 1343 4535 sub
1383 4469 1781 4536 confidentia
1825 4469 2124 4538 lanarum
2155 4479 2226 4538 et
2257 4475 2762 4558 promissionum

658 4572 1053 4659 hujusmodi,
1108 4572 1481 4658 passagium
1542 4577 1857 4651 nostrum,
1909 4575 1980 4640 in
2025 4581 2348 4660 quantum
2408 4580 2758 4664 potuimus„

658 4695 889 4741 versus
945 4679 1165 4760 partes
1222 4675 1802 4742 acceleraverimus
1868 4678 2292 4762 supradictas,
2355 4685 2424 4744 et
2483 4681 2554 4746 in
2615 4677 2762 4768 pa's-

610 4798 629 4805 ·
660 4777 839 4863 sagio
882 4781 1107 4843 nostro
1138 4776 1269 4842 duo
1316 4775 1527 4842 millia
1557 4783 1625 4842 et
1655 4778 2003 4863 quingenti
2019 4781 2201 4848 sacci
2247 4781 2415 4849 lanae
2451 4783 2532 4848 de
2565 4784 2759 4851 dictis
