3592 5817
828 855 959 919 366
1153 950 1162 955 -
1187 864 1589 922 Rnffls'rnuu
1634 872 2040 924 8181181181
2085 872 2576 929 nummum.

520 1074 768 1122 8111844.
824 1062 1213 1145 pervenerit,
1246 1061 1618 1129 willelmus
1663 1062 1745 1128 de
1776 1061 2133 1141 Midelton',
2165 1062 2492 1149 magister,
2539 1082 2656 1128 seu
2699 1066 2936 1139 custos,

822 1161 1167 1248 hospitalis
1214 1164 1440 1231 Beatae
1486 1165 1716 1231 Μαι-188
1762 1165 1844 1231 (18
1891 1164 2226 1242 Gretham,
2258 1164 2726 1231 Dunohnensis
2770 1165 2938 1230 dioe-

776 1334 788 1341 ,
822 1264 999 1342 cesis,
1047 1271 1117 1331 et
1158 1265 1395 1331 fratres
1426 1266 1719 1354 ejusdem
1764 1265 1907 1344 loci,
1954 1265 2234 1332 salutem
2279 1266 2353 1330 in
2382 1266 2668 1332 Domino
2699 1267 2936 1353 sempi-

821 1371 1093 1432 ternam.
1188 1368 1531 1434 Noveritis
1574 1389 1710 1446 nos,
1762 1368 2064 1433 unanimi
2093 1388 2412 1435 consensu
2455 1373 2526 1433 et
2558 1354 2934 1445 'voluntate
2971 1456 2976 1461 ι

821 1467 1091 1546 dedisse,
1138 1470 1539 1548 concessisse,
1608 1474 1679 1535 et
1736 1469 1863 1537 hac
1927 1470 2239 1556 praesenti
2281 1474 2466 1536 carta
2507 1476 2751 1548 nostra,
2811 1491 2932 1557 pro
3051 1486 3062 1494 ·

819 1570 1010 1635 nobis
1054 1576 1124 1636 et
1168 1572 1643 1639 successoribus
1687 1571 1945 1650 nostris,
1993 1572 2424 1650 confirmasse,
2471 1571 2771 1639 caritatis
2831 1573 2934 1637 in-

821 1672 1020 1751 tuitu,
1090 1673 1328 1740 dilecto
1387 1672 1578 1739 nobis
1629 1672 1705 1738 in
1750 1672 2033 1751 Christo,
2097 1670 2421 1741 Nieholao
2479 1674 2564 1741 de
2623 1672 2932 1750 Neuton’,

821 1794 1023 1841 unam
1068 1774 1539 1853 liberationem,
1584 1796 1700 1840 seu
1760 1775 2323 1853 sustentationem,
2369 1796 2490 1861 pro
2551 1797 2622 1840 se
2684 1782 2755 1841 et
2798 1796 2934 1840 uno

820 1877 1123 1961 garcione
1167 1878 1308 1942 sive
1360 1876 1702 1954 serviente,
1748 1881 1893 1942 toto
1939 1898 2074 1955 suo,
2119 1882 2438 1965 perpetuo
2491 1876 2572 1943 de
2617 1876 2932 1963 hospitali
3035 1920 3040 1925 ·

819 1983 1045 2043 nostro
1133 1977 1449 2063 praedicto
1531 1977 2059 2063 percipiendam:
2158 1978 2274 2059 ita,
2352 1978 2676 2057 videlicet,
2754 1980 2932 2065 quod

818 2100 1157 2156 cameram,
1204 2080 1535 2164 quondam
1590 2079 1842 2145 domini
1888 2078 1935 2144 J
1935 2078 2216 2147 ohannis
2259 2079 2342 2145 de
2387 2080 2627 2159 Riwnf,
2672 2080 2930 2159 habeat,

818 2184 903 2256 et,
963 2181 1122 2245 dum
1183 2186 1415 2266 potens
1474 2180 1689 2258 fuerit,
1752 2180 1826 2244 111
1885 2180 2040 2246 81118
2109 2181 2424 2259 comedat,
2485 2183 2573 2248 ad
2632 2204 2928 2248 mensam

818 2282 1289 2361 officiariorum,
1337 2288 1407 2349 et
1448 2283 1667 2369 garcio
1711 2304 1870 2348 suus
1930 2304 2080 2349 cum
2131 2282 2547 2369 garcionibus
2591 2284 2930 2370 magistri3

817 2390 888 2449 et
968 2386 1144 2451 idem
1204 2384 1567 2451 Nicholaus
1648 2384 1878 2450 robam
1961 2406 2110 2451 cum
2190 2384 2550 2471 praedictis‘
2597 2384 2929 2452 officiariis

816 2487 1049 2553 domus
1116 2487 1200 2553 de
1266 2488 1455 2553 bonis
1530 2486 1691 2553 dicti
1749 2485 2098 2572 hospitalis
2153 2487 2504 2553 annuatim
2586 2488 2924 2573 percipiat.

816 2588 891 2653 Si
950 2594 1173 2655 autem
1233 2590 1587 2675 praedictus
1639 2587 2018 2666 Nicholaus,
2087 2588 2271 2654 senio
2331 2588 2594 2667 fractus,
2656 2589 2767 2655 vel
2825 2590 2926 2653 in-

814 2690 1129 2759 firmitate
1188 2692 1379 2777 gravi
1439 2692 1760 2769 detentus,
1822 2691 1910 2756 ad
1967 2694 2229 2756 tantam
2288 2690 2753 2777 impotentiam
2791 2686 2932 2759 'de'-

814 2793 1087 2870 venerit,
1133 2793 1311 2877 quod
1352 2793 1440 2858 ad
1481 2792 1704 2858 aulam
1766 2790 2104 2858 commode
2161 2792 2468 2859 accedere
2510 2813 2647 2858 non
2689 2794 2917 2879 possit,

812 2898 975 2960 tunc
1018 2894 1502 2959 ministrabitur
1546 2894 1673 2959 sibi
1725 2892 1798 2957 in
1858 2912 2128 2970 camera,
2173 2893 2348 2960 sicut
2407 2894 2528 2958 uni
2571 2892 2926 2979 capellano,

812 2994 1057 3061 ibidem
1101 2996 1244 3061 Deo
1288 3000 1360 3061 et
1402 2995 1633 3061 Beatae
1680 2986 1910 3060 Mariae
1971 2996 2286 3061 servienti
2348 3000 2417 3060 et
2459 2994 2804 3073 servitui-0,
2851 2996 2926 3059 in

812 3096 967 3163 aula
1024 3098 1481 3177 ministratum
1542 3102 1612 3162 et
1669 3096 1962 3183 garcioni
2023 3116 2158 3180 suo,
2221 3095 2396 3164 sicut
2453 3096 2576 3161 uni
2632 3097 2926 3183 garcioni

790 3198 1112 3283 praedicti
1154 3199 1454 3285 magistri
1490 3198 1564 3262 in
1607 3196 1922 3283 hospitali
1966 3173 2296 3285 praedictO.
2389 3196 2653 3263 Focalia
2691 3198 2924 3279 etiam,

811 3301 1164 3378 candelam,
1228 3306 1299 3367 et
1357 3300 1632 3377 literam,
1692 3299 1952 3377 habeat,
2007 3299 2212 3385 juxta
2283 3298 2648 3365 decentiam
2707 3304 2926 3365 status

810 3405 930 3483 sui,
978 3404 1059 3470 de
1103 3405 1293 3471 bonis
1337 3402 1681 3489 hospitalis
1741 3402 2062 3488 praedicti.
2155 3401 2238 3465 In
2298 3422 2578 3486 quorum
2623 3402 2921 3467 omnium

809 3507 1277 3585 testimonium,
1325 3505 1615 3593 sigillum
1674 3524 2018 3569 commune
2077 3502 2426 3589 hospitalis
2484 3502 2694 3569 nostri
2755 3525 2924 3590 prae-

810 3608 972 3675 dicti
1015 3608 1451 3695 praesentibus
1494 3608 1812 3672 duximus
1855 3606 2336 3693 apponendum.
2429 3606 2684 3673 Datum
2736 3606 2916 3694 apud

810 3710 1142 3788 (1181111818,
1188 3712 1261 3774 18
1321 3709 1633 3796 hospitali
1690 3713 1916 3774 nostro
1976 3708 2306 3794 praedictO,
2384 3708 2637 3775 decimo
2681 3714 2918 3775 octavo

809 3812 915 3875 die
960 3812 1201 3877 mensis
1246 3810 1293 3877 J
1290 3831 1564 3888 anuarn
1610 3830 1785 3876 anno
1815 3809 2086 3875 Domini
2131 3809 2479 3875 millesimo
2523 3807 2674 3877 000⁰.
2707 3810 2914 3897 quad-

807 3914 1127 3999 ragesimo
1170 3912 1383 3979 tertio.
1386 3952 1477 3961 —

898 4015 1039 4081 Nos
1082 4014 1290 4101 igitur
1333 4013 1669 4100 praemissa
1697 4013 1934 4090 081818,
1966 4017 2291 4097 quantum
2319 4011 2407 4079 ad
2448 4034 2570 4079 nos
2615 4013 2918 4099 pertinet,

805 4122 953 4185 mta
995 4117 1328 4195 habentes,
1374 4122 1445 4181 et
1505 4120 1710 4202 grata,
1772 4134 1865 4192 ea,
1912 4135 2031 4199 pro
2075 4113 2266 4180 nobis
2311 4119 2381 4180 et
2445 4116 2918 4183 successoribus

805 4220 1063 4299 nostris,
1108 4224 1537 4306 acceptamus,
1582 4216 2036 4303 approbamus,
2079 4220 2164 4293 et,
2202 4220 2428 4288 tenore
2472 4218 2914 4303 praesentium,

805 4324 1280 4391 confirmamus.
1372 4321 1455 4385 In
1520 4318 1709 4405 cujus
1775 4318 1871 4383 rei
1915 4318 2384 4397 testimonium,
2431 4319 2724 4405 sigillum
2767 4342 2916 4387 nos-

803 4431 984 4492 trum
1026 4426 1301 4492 fecimus
1358 4422 1489 4489 hiis
1540 4420 1802 4508 apponi.
1892 4420 2146 4486 Datum
2189 4421 2264 4485 in
2325 4422 2617 4487 manerio
2689 4428 2916 4489 nostro

804 4529 885 4595 de
915 4555 931 4565 ··
945 4525 1335 4605 Aukeland',
1380 4524 1544 4589 8811.
1592 4522 1698 4589 die
1743 4522 1988 4589 mensis
2031 4521 2080 4587 J
2077 4521 2354 4600 anuarii,
2399 4544 2576 4591 anno
2623 4522 2914 4591 ’11081181

804 4632 1192 4720 supradicto,
1240 4634 1310 4697 et
1350 4632 1594 4696 nostrae
1638 4625 2143 4695 consecrationis
2189 4625 2456 4695 decimo.
