3592 5817
865 884 997 949 382
1228 898 1625 949 Eremmon
1670 898 2077 952 rmum
2123 896 2609 950 DUNELMENSE.

558 1096 669 1143 Aa).
686 1099 802 1143 ιω.
859 1084 983 1149 sub
1044 1085 1254 1151 forma
1320 1092 1390 1152 et
1464 1086 1954 1154 conditionibus
2035 1084 2487 1173 infrascriptis,
2549 1089 2688 1149 tam
2751 1083 2968 1169 quoad
3023 1069 3030 1075 ’

858 1208 1185 1273 personas,
1264 1209 1465 1274 quam
1542 1189 1761 1275 quoad
1851 1188 2111 1275 regulas
2189 1188 2562 1266 eorundem,
2635 1190 2969 1252 annuente

859 1288 1161 1366 Domino,
1207 1289 1349 1354 sine
1380 1290 1898 1356 contradictione
1943 1288 2196 1375 jugiter
2239 1286 2683 1375 observandis.
2775 1286 2970 1352 Hanc

861 1390 1069 1475 igitur
1126 1390 1402 1455 formam
1470 1391 1690 1477 quoad
1734 1391 1960 1457 omnia
2010 1390 2446 1477 inii-ascripta,
2493 1390 2576 1455 de
2633 1389 2966 1455 communi

860 1510 1180 1557 consensu
1225 1479 1529 1578 magistri
1576 1498 1645 1558 et
1688 1492 2086 1559 scholarium
2138 1492 2623 1578 praedictorum,
2672 1495 2968 1557 statuen-

860 1592 1013 1658 dam
1042 1594 1318 1660 decerno
1339 1595 1619 1680 3—quod
1664 1595 1844 1660 ultra
1887 1616 2236 1666 numerum
2267 1593 2598 1660 sexdecim
2627 1592 2966 1669 sociorum,

860 1698 1222 1762 seeundum
1266 1697 1577 1784 antiquas
1636 1696 2092 1763 observantias
2135 1718 2178 1762 a
2237 1695 2428 1762 sociis
2480 1696 2676 1761 dictae
2737 1695 2968 1759 domus
3061 1694 3076 1726 ³

858 1799 1162 1877 usitatae,
1231 1804 1300 1864 et
1364 1799 1726 1865 secundum
1790 1799 2186 1866 facultatum
2241 1797 2717 1875 sufficientiam,
2768 1797 2966 1863 dictae

856 1900 1082 1964 domui
1125 1899 1617 1985 pertinentium,
1664 1921 1783 1965 sex
1828 1899 2170 1978 scholares,
2201 1899 2506 1967 facultati
2553 1898 2819 1963 Artium
2861 1897 2965 1962 in-

854 2000 1218 2078 tendenteS,
1266 2023 1385 2087 per
1428 2002 1635 2067 socios
1679 2001 1876 2068 dictae
1937 2002 2170 2067 domus
2228 2001 2314 2066 de
2356 2020 2532 2067 novo
2577 2000 2714 2065 sint
2759 1998 2965 2065 electi.

854 2100 937 2165 In
983 2123 1263 2187 quorum
1326 2102 1659 2181 electione,
1723 2124 1980 2169 necnon
2041 2102 2117 2168 in
2181 2103 2687 2168 sustentationis
2751 2103 2970 2189 gratia

850 2203 1261 2283 admissione,
1309 2204 1409 2269 illi
1456 2204 1573 2291 qui
1641 2205 1722 2271 de
1789 2204 1949 2272 l'ocis
2017 2204 2598 2292 propinquioribus
2665 2203 2766 2267 illi
2826 2204 2966 2271 loeo

850 2304 959 2369 vel
1021 2305 1339 2372 beneficia
1382 2306 1735 2385 antedicta,
1798 2296 1996 2373 dictes
2066 2306 2292 2372 domui
2359 2328 2478 2394 per
2537 2328 2644 2372 me
2711 2305 2971 2387 collata,

852 2407 1203 2487 situantur,
1236 2408 1504 2474 oriundi
1546 2409 1815 2487 fuerint,
1847 2410 2008 2475 dum
2053 2415 2282 2475 tamen
2322 2410 2397 2475 in
2443 2410 2553 2489 eis,
2585 2408 2696 2475 vel
2739 2430 2964 2475 eorum

850 2509 1089 2596 aliquo,
1165 2516 1300 2577 tres
1398 2511 1810 2578 conditiones
1877 2512 1952 2575 in
2043 2511 2338 2598 antiquis
2435 2511 2966 2578 ordinationibus

852 2612 1225 2690 nominatae,
1273 2612 1600 2691 videlicet,
1648 2612 1862 2699 magis
1913 2634 2248 2699 pauperes,
2279 2612 2492 2699 magis
2536 2612 2966 2699 proficienteS,

852 2718 921 2777 et
996 2714 1205 2799 magis
1280 2714 1675 2800 morigerati,
1750 2715 2199 2793 inveniantur,
2275 2715 2595 2801 praecipui
2668 2715 2820 2792 sint,
2897 2719 2969 2781 et

851 2814 1064 2898 primi„
1160 2814 1267 2881 Sit
1311 2822 1537 2882 autem
1582 2817 1655 2880 in
1698 2816 1881 2884 dicta
1925 2818 2120 2883 domo
2164 2817 2460 2904 superior
2488 2823 2860 2903 perpetuus,
2891 2816 2966 2880 in

853 2915 1079 2980 eadem
1126 2916 1318 2983 domo
1382 2938 1805 2996 commoranS,
1853 2920 1969 3004 qui
2025 2927 2059 2954 “
2081 2918 2402 3005 Magister
2423 2918 2458 2945 ’'
2510 2918 2775 2984 nomine
2819 2938 2965 3003 per-

850 3022 1055 3102 petuo
1096 3024 1564 3104 nuncupetur3
1608 3020 1715 3083 vir
1758 3020 1832 3084 in
1877 3020 2332 3107 spiritualibus
2379 3026 2457 3085 et·
2491 3018 2966 3105 temporalibus

850 3120 1373 3206 circumspectus,
1422 3120 1538 3207 qui
1583 3120 1986 3188 scholaribus
2033 3122 2106 3186 in
2134 3122 2280 3209 ipsa
2324 3122 2518 3189 domo
2562 3142 2965 3189 commoran-

852 3222 1049 3301 tibus,
1094 3244 1171 3289 ac
1214 3222 1537 3288 ministris
1606 3223 1853 3302 altaris,
1908 3224 2187 3310 aliisque
2250 3224 2556 3290 omnibus
2619 3220 2964 3301 officiariis,

852 3346 967 3389 seu
1012 3324 1295 3400 famulis,
1340 3345 1730 3411 quocunque
1775 3324 2045 3390 nomine
2089 3330 2495 3403 censeantur,
2542 3324 2660 3411 qui
2703 3325 2790 3390 ad
2847 3346 2962 3390 ex-

851 3426 1167 3492 teriorum
1213 3448 1329 3491 seu
1374 3426 1764 3491 interiorum
1809 3425 2450 3497 administrationem
2511 3448 2626 3492 seu
2672 3426 2965 3513 regimen

851 3526 1100 3593 fuerint
1160 3528 1480 3613 deputati,
1527 3526 1956 3613 praeemineat
1999 3533 2069 3593 et
2135 3528 2404 3614 praesit5
2461 3550 2818 3616 omnesque
2885 3530 2962 3607 ei,

851 3632 991 3693 tam
1036 3628 1373 3706 scholares,
1422 3650 1621 3715 quam
1688 3628 1918 3694 altaris
1979 3629 2286 3709 ministri,
2333 3628 2642 3709 officiarii,
2687 3636 2760 3697 et
2817 3632 2962 3717 qui-

852 3752 1111 3816 cunque
1154 3731 1271 3797 alii
1315 3730 1566 3809 famuli,
1612 3736 1932 3818 tanquam
1965 3753 2083 3797 suo
2127 3733 2464 3819 superiori,
2520 3734 2594 3799 in
2637 3733 2768 3799 hiis
2813 3754 2962 3820 quae

852 3832 1136 3898 officium
1204 3854 1399 3898 suum
1468 3834 1883 3921 contingunt,
1931 3840 2211 3921 pareant
2277 3840 2348 3901 et
2397 3836 2768 3903 intendant.
2859 3836 2965 3901 De

804 3943 808 3947 ’
852 3934 1338 4000 conditionibus
1390 3956 1547 4000 vero
1612 3936 1922 4021 ejusdem,
1969 3936 2188 4023 quoad
2251 3936 2394 4023 ejus
2453 3938 2962 4016 institutionem,

852 4036 1252 4114 electionem,
1297 4059 1414 4102 seu
1459 4036 1981 4115 destitutionem,
2027 4043 2098 4105 et
2157 4038 2291 4105 alia
2333 4039 2552 4126 ipsum
2599 4041 2962 4128 tangentia,

853 4160 931 4206 ea
974 4138 1253 4205 firmiter
1314 4139 1763 4216 observentur,
1811 4160 1960 4225 quse
2029 4160 2227 4226 super
2288 4140 2438 4226 [eis]
2483 4141 2760 4208 inferius
2804 4148 2964 4209 sunt

852 4246 1187 4308 annotata.
1281 4240 1448 4306 Volo
1515 4240 1735 4319 etiam,
1801 4246 1871 4305 et
1938 4240 2230 4319 decerno,
2299 4242 2476 4329 quod
2543 4244 2626 4310 de
2688 4266 2962 4311 numero
3019 4304 3026 4308 .

856 4344 1248 4411 scholarium
1272 4342 1505 4407 domus
1523 4341 1918 4428 supradictae
1937 4342 2283 4429 eligantur,
2303 4344 2664 4410 secundum
2681 4344 2962 4413 formam

854 4446 1307 4531 subscriptam,
1354 4466 1472 4509 sex
1534 4443 1708 4521 socii,
1769 4443 2126 4510 dummodo
2191 4443 2268 4509 in
2331 4444 2647 4513 facultate
2691 4448 2962 4514 Artium

855 4548 1105 4614 fuerint
1178 4552 1494 4634 regentes,
1592 4545 1709 4631 qui
1809 4544 2026 4611 Sacrae
2117 4544 2490 4633 Theologiae
2575 4548 2960 4617 facultatem

856 4639 1149 4727 audiant,
1196 4648 1435 4734 quibus
1480 4647 1683 4713 etiam
1726 4645 1799 4710 in
1835 4644 2294 4731 vacationibus
2337 4648 2487 4714 aliis
2531 4649 2960 4718 facultatibus

854 4752 1051 4819 liceat
1124 4750 1483 4828 intendere,
1526 4748 1810 4817 Decreta
1853 4753 1924 4813 et
1995 4746 2373 4817 Decretales
2431 4772 2552 4837 per
2615 4752 2958 4821 biennium
