3592 5817
1403 577 1769 626 APPENDIX.
2078 609 2087 616 .
2513 564 2643 634 597

534 763 822 851 priorem
867 768 938 830 et
981 767 1399 842 conventum,
1446 762 1630 829 aliud
1673 721 1873 850 penes
1916 764 2237 865 praefatos·
2252 765 2642 853 magistrum

537 871 606 932 et
649 867 988 946 scholareS,
1033 867 1306 933 tertium
1352 888 1507 952 vero
1552 888 1750 953 penes
1808 888 1930 946 me,
1990 868 2281 936 haeredes
2325 876 2395 935 et
2436 872 2640 958 assig-

539 974 730 1036 natos
759 991 954 1048 meos,
999 969 1168 1048 v010,
1199 969 1430 1036 ordino
1477 975 1546 1034 et
1590 969 1880 1056 dispono,
1928 975 2243 1057 perpetuo
2286 993 2637 1040 remanere.

382 1083 396 1092 ‘
476 1119 482 1124 -
540 1071 631 1136 Et
674 1085 807 1149 nos),
851 1071 1187 1149 Ricardus,
1234 1071 1656 1156 permissione
1700 1071 1947 1149 divina,
1993 1072 2456 1140 Dunelmensis
2500 1075 2639 1161 epi-

538 1195 784 1259 scopus,
839 1174 926 1240 ad
999 1179 1302 1261 rogatum
1376 1173 1628 1239 domini
1701 1173 2009 1260 Philippi,
2079 1197 2155 1242 ac
2227 1177 2525 1264 magistri
2570 1183 2640 1243 et

539 1274 931 1344 scholarium
961 1275 1437 1361 praedictorum,
1483 1275 1570 1340 ad
1615 1275 2203 1343 corroborationem
2233 1283 2638 1344 statutorum

537 1399 651 1443 seu
698 1378 1185 1451 ordinationum
1215 1378 1691 1464 praedictorum,
1724 1385 2047 1463 quantum
2078 1379 2204 1444 rite
2234 1385 2305 1446 et
2332 1382 2639 1449 canonice

537 1479 696 1544 sunt
739 1481 934 1558 edita,
982 1485 1308 1566 quatenus
1352 1480 1439 1545 ad
1484 1500 1605 1545 nos
1650 1481 1953 1566 pertinet,
1988 1481 2277 1567 sigillum
2320 1487 2633 1562 nostrum,

538 1581 789 1647 decimo
833 1567 1069 1648 octavo
1111 1581 1218 1646 die
1249 1580 1490 1647 mensis
1527 1581 1846 1659 Octobris,
1892 1603 2065 1647 anno
2109 1583 2380 1648 Domini
2424 1585 2633 1651 mille-

536 1685 700 1748 simo
754 1697 956 1750 cccm0.
995 1684 1511 1769 quadragesima
1560 1683 1630 1746 in
1678 1685 1971 1749 manerio
2019 1689 2243 1751 nostro
2296 1686 2376 1751 de
2407 1685 2633 1752 Auke-

533 1785 708 1862 land,
771 1784 1204 1869 praesentibus
1250 1784 1562 1849 duximus
1613 1785 2117 1870 apponendum3
2152 1786 2320 1871 jure,
2368 1809 2635 1854 eonsue-

534 1886 768 1951 tudine
813 1891 881 1950 et
926 1886 1266 1972 dignitate,
1314 1885 1570 1963 nostris,
1640 1890 1709 1950 et
1753 1887 2037 1952 ecclesiae
2082 1893 2325 1954 nostrae
2384 1888 2633 1955 Dunel-

531 1989 790 2066 mensis,
820 1989 893 2052 in
923 1989 1227 2054 omnibus
1257 2009 1510 2073 semper
1539 1987 1754 2053 salvis.
1850 1989 1939 2052 Et
1968 2009 2103 2066 nos,
2135 1989 2310 2074 prior
2351 1991 2635 2058 ecclesiae

535 2089 997 2154 Dunelmensis
1027 2094 1097 2154 et
1125 2088 1417 2174 ejusdem
1462 2089 1588 2155 loci
1618 2093 1997 2166 conventus,
2028 2090 2249 2157 omnia
2278 2095 2347 2155 et
2376 2092 2636 2178 singula

535 2192 910 2278 supradicta
960 2190 1444 2257 rationabiliter
1512 2195 1780 2269 statuta,
1853 2192 2157 2258 ordinata
2219 2198 2287 2258 et
2358 2193 2633 2274 decreta,

535 2315 652 2382 per
724 2294 1062 2360 dominum
1138 2293 1520 2378 Philippum
1581 2298 2031 2371 memoratum,
2093 2315 2170 2360 ac
2242 2297 2634 2364 auctoritate

535 2394 895 2480 pontificali
927 2395 1088 2459 dicti
1119 2393 1459 2458 reverendi
1483 2394 1706 2478 patris,
1738 2397 1818 2458 ut
1847 2395 2293 2480 praemittitur,
2312 2386 2632 2475 roborata,

531 2495 620 2561 ad
663 2496 1048 2586 instantiam
1118 2495 1279 2561 dicti
1325 2494 1576 2560 domini
1619 2494 1927 2581 Philippi,
1981 2497 2277 2583 magistri
2339 2504 2408 2563 et
2451 2499 2633 2565 scho-

533 2597 770 2662 larium
829 2597 1268 2682 praefatorum,
1334 2601 1657 2682 quantum
1720 2597 1794 2660 in
1838 2596 2025 2674 nobis
2085 2602 2201 2684 est,
2266 2598 2347 2663 de
2405 2605 2632 2682 nostro

532 2720 849 2765 consensu
923 2699 1238 2776 unanimi,
1299 2719 1378 2764 ac
1451 2697 1861 2785 appositione
1932 2697 2131 2786 sigilli
2190 2701 2399 2766 nostri
2458 2723 2631 2767 com-

532 2801 752 2864 munis
796 2800 1070 2885 capituli
1114 2799 1593 2876 Dunelmensis,
1623 2809 2076 2885 approbamus,
2118 2803 2531 2880 ratificamus,
2564 2808 2634 2868 et

535 2902 735 2967 etiam
781 2901 1254 2967 confirmamus.
1344 2901 1598 2965 Datum
1657 2900 1728 2964 in
1775 2901 1967 2965 domo
2011 2907 2239 2967 nostra
2282 2903 2633 2988 capitulari

534 2996 980 3079 Dunelmensi,
1013 3001 1324 3068 vicesimo
1369 3005 1604 3086 quarto
1650 3001 1756 3065 die
1805 3003 2047 3065 mensis
2094 3002 2413 3080 Octobris,
2457 3025 2631 3071 anno

533 3103 805 3168 Domini
867 3103 1256 3188 supradicto,
1351 3103 1441 3166 Et
1483 3124 1617 3180 nos,
1667 3102 2112 3168 Cancellarius
2156 3104 2633 3186 Universitatis

452 3288 462 3298 .
532 3205 900 3282 antedictae,
947 3204 1034 3270 ad
1077 3209 1381 3290 rogatum
1450 3203 1773 3270 dictorum
1843 3205 2095 3270 domini
2139 3206 2447 3292 Philippi,
2494 3230 2631 3274 ma-

530 3307 722 3394 gistri
768 3311 836 3372 et
879 3305 1272 3372 scholarium
1317 3306 1550 3371 domus
1593 3306 2003 3392 supradictae,
2049 3307 2121 3370 in
2180 3309 2631 3394 testimonium

532 3407 1031 3495 praemissorum,
1078 3412 1405 3493 quatenus
1449 3408 1578 3473 rite
1641 3413 1711 3474 et
1753 3408 2047 3494 legitime
2093 3416 2250 3475 sunt
2308 3411 2626 3490 ordinata,

531 3510 604 3574 in
649 3508 934 3574 crastino
963 3507 1451 3575 Purificationis
1495 3508 1707 3574 beatae
1739 3509 1987 3590 Mm'iae,
2016 3531 2191 3576 anno
2236 3513 2629 3598 supradicto,

531 3611 820 3700 sigillum
866 3609 1060 3677 officii
1105 3611 1312 3676 nostri
1372 3611 1806 3697 praesentibus
1850 3613 2285 3697 apposuimus,
2380 3615 2469 3679 Et
2512 3637 2632 3680 nos

530 3714 842 3799 magister
908 3717 977 3776 et
1040 3711 1360 3779 scholares
1406 3713 1637 3778 domus
1697 3714 2105 3799 supradictae,
2168 3715 2631 3783 submittentes

529 3834 650 3879 nos
694 3819 764 3879 et
808 3815 1075 3879 domum
1119 3819 1412 3880 nostram
1457 3816 1538 3880 de
1583 3814 1862 3881 Balliolo
1907 3816 2306 3902 praedictam,
2338 3839 2423 3882 ex
2454 3824 2631 3884 certa

531 3915 817 3993 scientia,
865 3938 1043 4001 pure,
1092 3922 1340 4002 sponte,
1385 3916 1832 4001 jurisdictioni
1880 3922 1949 3982 et
1991 3920 2372 3985 correctioni
2433 3941 2629 3986 vene·
2690 3946 2695 3952 ·

537 4016 764 4081 rabilis
793 4017 864 4080 in
896 4015 1160 4081 Christo
1190 4015 1430 4102 patris}
1447 4017 1712 4095 domini,
1739 4017 1873 4082 Dei
1901 4019 2132 4106 gratia,
2165 4019 2626 4086 Dunelmensis

533 4119 834 4205 episcopi,
903 4119 1020 4203 qui
1085 4139 1205 4204 pro
1267 4123 1557 4204 tempore
1603 4119 1821 4198 fuerit,
1884 4121 2100 4207 quoad
2167 4122 2500 4189 ecclesiam
2545 4124 2627 4188 de

534 4211 1042 4300 Micklebenton,
1110 4225 1181 4286 et
1239 4221 1455 4306 quoad
1521 4222 1742 4288 omnia
1804 4223 1935 4288 alia
1986 4227 2056 4289 et
2099 4223 2359 4312 singula
2403 4246 2628 4311 supra-

445 4413 448 4418 ·
536 4323 715 4419 dicta
779 4342 900 4389 nos
959 4328 1028 4389 et
1089 4324 1332 4390 dictam
1396 4325 1732 4391 eeclesiam
1793 4325 2258 4413 contingentia,
2321 4327 2627 4413 jurisdic-
