3592 5817
530 868 545 881 ‘
649 866 709 956 ,ζ
886 886 1285 935 Rsorsrmm
1331 884 1738 936 PALATINUM
1783 888 2276 938 DUNELMENSE.
2515 872 2653 943 387

530 1080 671 1145 rius
738 1085 807 1145 et
870 1078 1177 1155 exterius,
1245 1082 1443 1164 prout
1508 1076 1605 1141 rei
1664 1076 1967 1161 qualitas,
2014 1082 2084 1141 et
2141 1078 2469 1163 temporis,
2533 1100 2652 1145 seu
2711 1094 2826 1141 u).
2839 1098 2964 1143 131⁰.

532 1185 823 1251 locorum
866 1182 1217 1249 necessitas
1263 1187 1384 1246 aut
1427 1181 1687 1247 utilitas
1731 1182 2199 1268 depoposcerit,
2247 1184 2501 1249 solicite
2545 1184 2652 1249 in-

530 1290 799 1368 tendat3
845 1288 961 1373 qui
1006 1288 1207 1353 etiam
1254 1286 1447 1351 annis
1492 1285 1774 1371 singulis
1819 1286 2044 1351 omnia
2073 1288 2249 1352 bona
2278 1287 2365 1352 ad
2395 1288 2645 1355 dictam

533 1397 800 1462 domum
846 1393 1227 1479 spectantia,
1274 1414 1393 1476 per
1437 1412 1521 1469 se,
1568 1390 1677 1455 vel
1721 1412 1838 1477 per
1891 1392 2096 1458 alium
2144 1394 2226 1457 de
2273 1394 2466 1460 sociis
2513 1395 2648 1461 dis-

535 1502 803 1573 cretum,
848 1495 936 1559 ad
979 1495 1105 1560 hoc
1146 1514 1265 1579 per
1308 1491 1847 1559 communitatem
1894 1493 2190 1571 electum,
2237 1496 2296 1560 si
2356 1516 2648 1562 commu-

534 1598 737 1663 nitati
782 1595 1135 1680 expediens
1164 1594 1385 1659 visum
1429 1594 1647 1670 fuerit,
1678 1593 1911 1660 visitet
1955 1596 2345 1681 diligenter3
2386 1618 2648 1663 necnon
2737 1610 2756 1629 ·

536 1704 607 1765 et
651 1700 1093 1783 quantitatem
1138 1696 1459 1761 bonorum
1524 1694 1598 1758 in
1661 1693 1822 1759 locis
1882 1694 2162 1781 singulis
2223 1697 2512 1762 aestimet
2578 1704 2650 1763 et

535 1805 739 1875 taxet,
804 1799 1146 1883 ipsamque
1212 1796 1619 1861 taxationem
1668 1800 1739 1859 et
1798 1796 2305 1861 aestimationem
2363 1798 2652 1865 fideliter

534 1902 610 1967 in
668 1900 929 1985 scriptis
972 1897 1247 1983 redigat,
1294 1902 1363 1961 et
1424 1896 1756 1961 redactam
1801 1898 1874 1961 in
1935 1898 2196 1983 scriptis
2241 1898 2648 1965 scholaribus

535 2003 729 2069 dictae
762 2002 993 2067 domus
1025 2000 1277 2065 deferat
1306 2004 1376 2062 et
1418 1998 1742 2084 assignet3
1786 2003 1868 2063 ut
1912 1999 2164 2076 deinde,
2195 2022 2348 2065 cum
2393 2022 2515 2067 sua
2543 2024 2650 2069 ra-

534 2103 809 2169 tiocinia
835 2102 1085 2167 fuerint
1112 2099 1457 2176 audienda,
1482 2098 1767 2163 fidelitas
1813 2099 2104 2185 ipsorum
2133 2101 2647 2181 ratiociniorum,

534 2226 619 2271 ex
664 2202 1011 2269 collatione
1056 2199 1263 2285 ipsius
1324 2197 1683 2285 scripturae,
1736 2200 1982 2265 certius
2028 2201 2251 2267 valeat
2293 2223 2649 2288 apparere;

535 2310 606 2370 et
634 2309 934 2389 compoto
982 2302 1145 2367 dicti
1174 2301 1490 2386 magistri,
1522 2306 1603 2365 ut
1645 2301 2044 2386 praedicitur,
2075 2302 2368 2387 plenarie
2413 2304 2647 2383 solut0,

537 2407 595 2472 si
640 2406 801 2490 quid
847 2406 928 2470 de
980 2404 1171 2470 bonis
1216 2404 1413 2468 dictae
1459 2403 1707 2480 domus,
1740 2403 1921 2468 ultra
1951 2425 2268 2489 expensas
2313 2427 2431 2491 per
2475 2428 2650 2472 com-

538 2507 935 2572 munitatem
964 2506 1291 2582 allocatas,
1324 2504 1659 2568 residuum
1696 2503 1915 2581 fuerit,
1947 2504 2123 2569 infra
2149 2527 2442 2571 mensem
2471 2526 2512 2571 a
2541 2506 2652 2572 die

539 2607 885 2674 solutionis
930 2607 1033 2671 sui
1079 2606 1381 2691 compoti,
1412 2605 1970 2671 thesaurariorum
2001 2607 2316 2673 custodiae
2359 2608 2650 2687 reddere,

538 2730 654 2773 seu
684 2707 1057 2773 cautionem
1086 2706 1329 2771 realem
1360 2724 1702 2791 exponere,
1732 2710 1856 2769 aut
1897 2705 2030 2771 alio
2060 2706 2254 2771 modo
2287 2708 2652 2773 communi-

540 2810 669 2876 tati
698 2808 1085 2885 satisfacere,
1116 2812 1438 2873 teneatur.
1510 2806 1824 2887 Quorum,
1847 2807 1906 2871 si
1931 2828 2063 2891 qua
2090 2808 2340 2875 fuerint
2369 2811 2650 2887 residua,

538 2916 793 2998 partem
840 2910 914 2973 in
958 2930 1153 2974 usum
1206 2908 1545 2985 sociorum,
1592 2912 1661 2973 et
1720 2913 1978 2995 partem
2022 2929 2140 2994 pro
2185 2911 2492 2975 oneribus
2537 2912 2651 2976 do-

538 3036 685 3079 mus
728 3011 1211 3098 supportandis,
1271 3014 1471 3095 prout
1532 3010 1847 3096 magister
1905 3016 1976 3077 et
2041 3014 2480 3079 communitas
2539 3014 2654 3080 de-

538 3114 881 3188 creverint,
913 3113 1189 3177 decerno
1218 3111 1530 3176 converti.
1624 3110 1701 3175 Si
1743 3116 1970 3176 autem
2009 3113 2355 3198 contingat
2399 3114 2653 3179 dictum

536 3215 927 3301 magistrum
972 3211 1163 3277 brevi
1200 3211 1603 3297 aegritudine
1645 3210 1988 3289 infirmari,
2023 3212 2220 3297 plena
2263 3214 2391 3278 sibi
2433 3214 2654 3299 portio

538 3338 673 3393 sua,
736 3336 855 3402 pro
916 3320 1067 3379 rata
1126 3314 1433 3399 portione
1492 3314 1826 3400 temporis,
1886 3314 1999 3378 vel
2063 3314 2198 3380 alia
2258 3317 2656 3382 sustentatio

540 3422 931 3502 competens,
991 3419 1063 3480 et
1106 3414 1381 3479 minime
1444 3413 1795 3490 excessiva,
1857 3412 2276 3479 ministretur
2335 3416 2418 3480 de
2481 3424 2656 3481 com-

541 3516 743 3579 muni.
835 3514 1007 3579 Aliis
1050 3534 1209 3578 vero
1262 3512 1669 3578 scholaribus
1720 3500 2072 3597 praedictis,
2119 3513 2193 3577 in
2238 3513 2417 3579 dicta
2461 3514 2656 3580 domo

542 3617 1049 3700 infirmantibus,
1101 3614 1240 3700 (vel
1282 3620 1489 3691 extra,
1536 3614 1891 3679 dummodo
1951 3634 2070 3700 pro
2115 3616 2502 3681 necessitate
2547 3617 2657 3681 vel

542 3713 837 3785 utilitate
906 3719 1137 3784 domus
1198 3717 1451 3783 fuerint
1510 3717 1872 3801 destinati,)
1923 3717 2250 3784 exhibitio
2295 3718 2658 3785 consimilis

544 3823 664 3888 fiat
708 3823 789 3888 de
835 3822 1179 3887 communi.
1292 3820 1366 3885 Si
1424 3825 1652 3886 autem
1712 3819 1878 3886 dicti
1922 3820 2222 3905 magistri
2267 3821 2654 3888 incurabilis

541 3922 745 3987 fuerit
800 3921 1139 4006 aegritudo,
1186 3942 1311 3985 nec
1373 3920 1455 3984 de
1506 3920 1646 4005 ejus
1706 3918 2230 3987 convalescentia
2283 3944 2432 4007 spes
2478 3922 2650 3988 exti-

544 4023 720 4100 terit,
796 4021 1051 4086 ratione
1125 4022 1313 4107 cujus
1402 4020 1623 4106 ipsum
1711 4021 2102 4106 magistrum
2177 4022 2348 4086 circa
2423 4022 2658 4088 domus

544 4123 811 4208 negotia
854 4122 1147 4187 laborare
1190 4143 1327 4188 non
1370 4142 1573 4207 posse,
1618 4142 1756 4199 nec,
1803 4126 1886 4185 ut
1928 4121 2198 4197 deceret,
2231 4122 2660 4206 magistratus

545 4222 741 4287 officii
803 4243 1115 4299 exercere,
1178 4222 1614 4288 communitas
1673 4220 2052 4296 decreverit,
2101 4240 2176 4285 eo
2238 4220 2381 4305 ipso
2441 4220 2653 4286 officio

544 4344 663 4388 suo
726 4324 951 4389 cedere
1025 4328 1346 4401 teneatur,
1416 4328 1501 4401 et,
1548 4322 1911 4389 secundum
1973 4321 2254 4387 formam
2320 4322 2658 4389 electionis

544 4424 845 4510 magistri
888 4426 1352 4511 praescriptam,
1400 4424 1543 4490 loco
1602 4424 1745 4510 ejus
1804 4423 1974 4489 alius
2019 4423 2338 4509 eligatur3
2391 4431 2461 4489 et
2519 4446 2660 4489 sus·

544 4526 997 4603 tentationem,
1044 4527 1403 4592 secundum
1446 4525 1797 4593 arbitrium
1843 4524 2340 4591 communitatis
2399 4546 2657 4611 compe-

544 4630 815 4704 tentem,
876 4648 995 4713 pro
1060 4648 1179 4691 suo
1246 4632 1563 4713 perpetuo
1638 4626 1883 4692 habeat
1957 4625 2039 4690 de
2113 4626 2460 4691 communi.
2583 4625 2660 4691 Si

538 4733 765 4793 autem
799 4728 1079 4815 alicujus
1114 4729 1581 4815 praedictorum
1610 4726 2005 4795 scholarium
2033 4726 2417 4792 incurabilis
2446 4727 2654 4793 fuerit

2183 4845 2230 4893 B
2259 4845 2302 4893 B
2350 4832 2392 4893 2
