3592 5817
954 878 1351 931 REGISTRUM
1396 866 1802 929 PALATINU'M
1849 875 2336 926 DUNELMENSE.
2572 862 2701 927 319

596 1066 969 1141 faciendum
1012 1073 1082 1133 et
1110 1068 1609 1155 expediendum,
1640 1088 1789 1153 quae
1835 1068 1908 1133 in
1950 1066 2330 1153 hujusmodi
2373 1070 2705 1152 permuta·
2758 1090 2872 1138 Aa).
2887 1094 3000 1137 1840.

599 1168 799 1233 tionis
857 1170 1123 1257 negotio
1165 1170 1533 1236 necessaria
1591 1169 1856 1246 fuerint,
1906 1190 2024 1235 seu
2067 1170 2270 1233 etiam
2315 1173 2702 1254 opportuna,

598 1268 805 1357 ipsius
849 1272 1151 1358 magistri
1197 1272 1523 1338 Hamonis
1568 1272 1953 1337 inductione
1997 1271 2071 1335 in
2115 1269 2512 1357 corporalem
2559 1290 2706 1355 pos-

602 1374 953 1439 sessionem
1014 1374 1301 1440 ecclesiae
1347 1374 1429 1439 de
1474 1374 1743 1458 Boueye
1804 1372 2156 1460 praedietae,
2204 1377 2273 1437 et
2333 1370 2709 1437 obedientia

601 1476 931 1553 canonica,
976 1476 1166 1541 nobis
1214 1474 1583 1561 specialiter
1621 1475 1990 1552 reservatis,
2031 1474 2424 1560 paternitati
2467 1478 2708 1541 vestrae

598 1578 973 1643 reverendae
1028 1578 1519 1655 committimus,
1568 1582 1795 1643 tenore
1857 1578 2302 1662 praesentium,
2333 1575 2514 1641 vices
2557 1596 2708 1641 nos-

601 1684 739 1743 tras
766 1703 783 1760 ;
826 1685 1132 1765 rogantes
1177 1681 1491 1767 quatinus
1536 1680 1619 1744 de
1662 1684 1807 1745 toto
1853 1700 2156 1765 processu
2187 1684 2423 1754 vestre,
2470 1678 2544 1741 in
2587 1677 2712 1742 hac

602 1786 791 1865 parte
849 1782 1167 1859 faciendo,
1212 1803 1333 1847 nos
1386 1781 1697 1847 distincte
1744 1785 1814 1845 et
1857 1785 2085 1866 aperte
2140 1778 2506 1865 dignemini
2565 1778 2712 1843 red-

602 1880 753 1945 dere
786 1884 1089 1947 certiores
1132 1903 1250 1967 per
1277 1882 1505 1947 literas
1537 1887 1789 1947 vestras
1833 1886 2152 1968 patentes
2198 1881 2435 1945 harum
2475 1880 2710 1945 seriem

602 1984 1029 2049 continentes,
1120 1983 1229 2049 Ad
1274 1982 1567 2069 regimen
1612 1982 1900 2049 ecclesiae
1944 1982 2134 2047 vobis
2179 1982 2558 2071 commissae,
2591 2002 2712 2046 vos

602 2084 723 2148 diu
758 2090 967 2170 regat·
988 2084 1063 2148 in
1105 2085 1431 2170 prosperis
1476 2084 1687 2150 nostri
1718 2084 2072 2151 clementia
2115 2082 2498 2149 Salvatoris.
2576 2081 2710 2147 Da-

602 2190 747 2249 tum
779 2185 1071 2264 Eboraci,
1102 2186 1364 2252 vtadie
1394 2187 1793 2265 Decembris,
1826 2206 2016 2251 ‘anno
2047 2185 2320 2251 Domini
2365 2184 2711 2249 millesimo

602 2284 753 2353 cec⁰.
800 2288 1413 2373 quadragesimo-

693 2388 761 2452 N
764 2410 835 2453 os
879 2389 1101 2475 igitur,
1149 2388 1545 2455 examinatis
1600 2388 1970 2474 diligenter,
2016 2393 2084 2452 et
2130 2387 2453 2465 discussis,
2501 2388 2713 2453 causis

605 2490 1111 2573 permutationis
1154 2489 1552 2575 hujusmodi,
1583 2510 1660 2555 ac
1704 2511 1822 2574 per
1851 2510 1971 2555 nos
2015 2490 2412 2575 approbatis,
2458 2510 2712 2554 necnon

604 2590 883 2676 receptis
942 2591 1499 2678 resignationibus
1542 2594 1683 2655 tam
1743 2590 2044 2675 praedicti
2091 2590 2342 2655 domini
2386 2590 2433 2655 J
2433 2589 2712 2655 ohannis

606 2691 687 2755 de
732 2691 1001 2758 ecclesia
1043 2712 1165 2757 sua
1207 2692 1291 2757 de
1334 2692 1619 2777 Boueye,
1669 2713 1871 2777 quam
1917 2692 2178 2777 praefati
2225 2692 2524 2777 magistri
2573 2692 2710 2759 Ha-

606 2794 818 2857 monis
886 2794 967 2859 de
990 2856 1011 2873 ,
1031 2794 1365 2877 decanatu
1416 2792 1794 2862 Aukeland'
1839 2792 2132 2879 praefato,
2181 2814 2265 2857 ex
2310 2812 2506 2877 causa
2547 2815 2711 2879 per·
2841 2842 2846 2847 .

606 2894 995 2959 mutationis
1048 2893 1466 2979 hujusmodi,
1539 2898 1607 2960 et
1678 2915 1819 2959 non
1893 2894 2102 2971 aliter,
2173 2896 2712 2963 concurrentibus

606 2997 805 3063 etiam
837 2996 1140 3062 omnibus
1185 2995 1565 3061 necessariis
1608 2998 1681 3060 in
1712 2997 1838 3063 hac
1882 3002 2086 3082 parte,
2119 2997 2332 3083 ipsam
2377 3002 2711 3083 permuta-

604 3093 867 3162 tionem'
883 3098 1383 3183 acceptavimus,
1416 3103 1485 3162 et
1515 3098 1727 3179 eidem
1772 3098 2252 3175 auctoritatem,
2287 3099 2430 3165 vice
2470 3105 2711 3177 nostra,

604 3204 673 3262 et
732 3204 955 3265 vestra
1019 3198 1209 3264 nobis
1270 3200 1627 3277 commissa,
1690 3197 2108 3285 praebuimus.
2227 3199 2528 3284 Cumque
2575 3201 2712 3264 evi-

606 3300 837 3365 denter
882 3301 1314 3386 comperimus
1378 3300 1639 3365 nullum
1704 3300 1982 3385 praefato
2042 3300 2360 3384 magistro
2420 3299 2714 3366 Hamoni

607 3400 865 3467 obstare
926 3402 1007 3465 de
1062 3400 1389 3466 canonicis
1449 3402 1797 3477 institutis,
1845 3400 2081 3486 ipsum,
2129 3402 2523 3465 auctoritate
2567 3424 2713 3467 ves-

606 3506 727 3579 tra,
774 3501 978 3579 nobis,
1026 3506 1107 3565 ut
1167 3501 1619 3587 praemittitur,
1677 3502 2036 3578 commissa,
2084 3500 2171 3564 ad
2232 3500 2568 3567 ecclesiam
2633 3503 2716 3567 de

561 3638 572 3650 ·
610 3602 878 3688 Boueye
968 3608 1397 3669 memoratam
1472 3602 1876 3679 admisimus,
1952 3602 2299 3692 ipsumque
2399 3609 2714 3669 rectorem

608 3705 917 3771 canonice
962 3704 1377 3770 instituimus
1423 3705 1497 3769 in
1542 3704 1813 3785 eadem3
1873 3704 2322 3771 inductionem
2375 3706 2449 3769 in
2493 3728 2714 3793 corpo-

610 3806 814 3871 ralem
888 3806 1359 3892 possessionem
1434 3806 1728 3892 ejusdem
1792 3804 2076 3873 ecclesiae
2145 3807 2227 3870 de
2295 3806 2577 3894 Boueye,
2641 3829 2718 3883 ac

611 3905 1055 3972 obedientiam
1116 3906 1495 3973 canonicam
1564 3908 1726 3973 dicti
1778 3906 2081 3993 magistri
2129 3906 2470 3987 Hamonis,
2523 3909 2712 3973 vobis

612 4005 982 4092 specialiter
1009 4012 1429 4076 reservantes,
1501 4006 1585 4071 In
1608 4028 1887 4093 quorum
1915 4008 2212 4073 omnium
2242 4009 2712 4088 testimonium,

612 4108 903 4194 sigillum
916 4102 1245 4175 ‘nostrum
1289 4110 1561 4175 fecimus
1605 4108 1735 4173 hiis
1783 4110 2099 4195 [apponi]
2190 4109 2441 4175 Datum
2473 4109 2546 4173 in
2575 4132 2712 4175 ma-

612 4212 794 4277 nerio
831 4216 1088 4277 ‘nostro
1142 4210 1225 4276 de
1268 4212 1335 4278 la
1379 4210 1737 4288 Welehall',
1790 4226 1887 4275 x0.
1938 4212 2043 4276 die
2096 4210 2492 4290 Decembris,
2536 4231 2713 4278 ‚anno

613 4313 885 4379 Domini
930 4312 1323 4400 supradictO,
1372 4319 1443 4379 et
1484 4312 1988 4401 consecrationis
2032 4315 2274 4377 nostrae
2319 4313 2613 4398 septimo.

614 4534 879 4585 Institutio
914 4507 1143 4597 ejusdem
1298 4510 1635 4589 Ricardus,
1679 4509 2118 4597 permissione,
2151 4516 2286 4589 etc„
2319 4511 2556 4580 dilecl'so
2596 4534 2713 4578 no-
2735 4521 3013 4618 ἑῗήὶὣὺὲἓιι

613 4602 837 4652 ecclesius
861 4603 923 4652 de
947 4604 1141 4665 Bouey.
1210 4616 1312 4684 big
1352 4614 1454 4681 'in
1522 4612 1806 4692 Clu-1311),
1875 4612 2190 4701 magig13r0
2265 4612 2558 4681 Hamoni
2632 4612 2714 4681 de
2737 4623 2796 4685 gie
2806 4625 2982 4717 ἔξειπε,

616 4718 853 4797 Belers,
900 4718 946 4783 J
946 4720 1083 4784 uris
1130 4716 1366 4785 Civilis
1412 4716 1783 4796 Professori,
1830 4716 2110 4783 salutem
2155 4721 2274 4785 etc.
2366 4718 2474 4782 Ad
2515 4718 2713 4787 eccle-
2737 4686 2976 4828 Ξξξξῇξῐ
