3592 5817
1080 771 1479 831 scammum
1523 772 1931 828 nmmum
1975 776 2462 828 nmrmnusn.
2742 759 2828 827 57

387 981 479 1025 Aa·
493 976 547 1021 ³⁶
561 971 648 1021 Ed·
657 970 700 1017 1·
727 966 1082 1034 Cuthberti
1127 967 1609 1046 Dunolmensis,
1655 972 1727 1033 et
1771 967 2076 1053 episcopo
2120 965 2431 1052 ejusde'm,
2460 984 2538 1031 ac
2582 982 2829 1031 succes-
2894 984 3005 1030 sa).
3020 986 3135 1031 180⁷.

723 1070 978 1135 soribus
1019 1070 1172 1147 suiS,
1210 1070 1362 1155 jure
1393 1090 1527 1148 suc,
1559 1071 1618 1135 si
1648 1070 1825 1155 quod
1867 1070 1961 1135 eis
1990 1074 2319 1154 competat
2362 1069 2435 1131 in
2477 1068 2603 1133 hac
2631 1072 2835 1154 parte.

723 1172 816 1237 Et
845 1170 1021 1257 quod
1064 1193 1200 1249 nOS,
1245 1171 1354 1236 vel
1399 1171 1691 1237 haeredes
1736 1170 1964 1247 nostri,
1997 1170 2314 1257 praedjcta
2356 1175 2660 1245 castrum,
2707 1168 2833 1233 vil-

709 1272 872 1351 lam,
917 1274 1285 1339 manerium
1331 1274 1412 1339 de
1454 1272 1843 1349 Middelton‚
1889 1293 2041 1337 cum
2086 1272 2339 1337 chaceis
2385 1276 2455 1335 et
2498 1271 2645 1336 aliis
2690 1290 2867 1355 perg
2918 1269 2929 1279 ‘

722 1374 1026 1439 tinentiis
1069 1374 1224 1451 suis,
1270 1395 1527 1440 necnon
1569 1379 1640 1439 et
1683 1374 1865 1438 dicta
1921 1372 2291 1440 manerium
2344 1372 2427 1436 de
2470 1362 2833 1457 'Gaynford’

721 1480 794 1541 et
836 1476 1291 1561 messuagium,
1337 1496 1416 1540 ac
1458 1495 1684 1540 omnes
1715 1474 1879 1539 alias
1908 1480 2118 1539 terras
2150 1478 2219 1539 et
2260 1476 2641 1539 tenementa
2682 1492 2834 1537 cum

719 1575 1158 1662 pertinentiis,
1213 1597 1360 1660 quae
1405 1580 1718 1640 tenentur
1759 1575 1837 1639 in
1882 1575 2103 1640 dotem
2166 1576 2291 1659 [et]
2345 1575 2432 1639 ad
2475 1574 2832 1665 terminum

723 1677 902 1754 vitae,
938 1676 1110 1742 sicut
1153 1676 1544 1761 praedictum
1590 1680 1705 1752 est,
1737 1680 2090 1760 postquam
2119 1674 2206 1739 ad
2250 1696 2485 1739 manus
2528 1674 2831 1760 praedicti

609 1812 612 1817 ·
725 1778 1064 1856 Guidonis,
1124 1778 1234 1842 vel
1292 1778 1629 1843 haeredum
1703 1798 1991 1853 suorum,
2047 1777 2449 1855 devenerint,
2503 1776 2576 1841 in
2620 1776 2831 1843 forma

723 1879 1102 1965 supradicta
1167 1900 1317 1944 cum
1392 1878 1600 1943 feodis
1661 1878 1885 1942 militu
1894 1900 1977 1955 m,
2024 1876 2567 1943 advocationibus
2635 1877 2835 1943 eccle·

581 2015 600 2035 s
723 1981 970 2046 siarum
1045 1986 1114 2046 et
1179 1980 1522 2045 domorum
1586 1978 2057 2065 religiosarum,
2126 1979 2560 2056 libertatibus,
2607 1980 2831 2044 liberis

722 2082 1325 2159 consuetudinibuS‚
1373 2088 1442 2147 et
1485 2079 1791 2146 omnibus
1836 2081 1987 2147 aliis
2038 2080 2125 2145 ad
2169 2082 2486 2166 praedicta
2530 2086 2834 2159 castrum,

723 2182 970 2261 viliam,
1016 2183 1326 2260 maneria,
1374 2184 1834 2269 messuagium,
1879 2190 2088 2250 terras
2119 2188 2188 2247 et
2230 2189 2625 2261 tenementa,
2673 2204 2833 2269 quo-

725 2284 1050 2371 quomodo
1111 2284 1576 2368 spectantibus,
1623 2284 1680 2346 si
1726 2304 1806 2349 ea
1858 2282 2187 2349 Edwardo
2231 2283 2315 2347 de
2360 2283 2654 2361 BalliolO,
2700 2284 2839 2350 filio

725 2385 1026 2470 praedicti
1103 2384 1148 2449 J
1150 2384 1450 2460 ohanniS,
1514 2382 1640 2447 filii
1705 2383 1753 2447 J
1753 2383 2047 2461 ohannis,
2115 2389 2267 2469 post
2339 2385 2482 2450 haec
2542 2392 2841 2471 tempora

726 2485 996 2550 reddere
1042 2484 1339 2561 velimus,
1386 2486 1470 2550 de
1513 2489 1740 2550 nostra
1773 2486 1993 2570 gratia
2035 2485 2318 2570 speciali,
2348 2486 2596 2571 absque
2639 2487 2840 2553 recla-

727 2587 1018 2654 matione
1085 2587 1386 2672 praedicti
1457 2586 1798 2664 Guidonis,
1845 2586 1954 2651 vel
2021 2586 2362 2652 haeredum
2432 2609 2713 2666 suorum,
2749 2589 2842 2653 ‘in

645 2766 651 2773 ἡ
727 2710 999 2755 manum
1061 2692 1356 2753 nostram
1399 2703 1730 2757 resumere
1787 2688 2131 2773 possimus,
2192 2689 2467 2774 praefato
2512 2690 2840 2757 Edwardo
2897 2699 2909 2709 “

726 2788 1104 2854 liberanda:
1179 2787 1280 2853 ita
1337 2792 1576 2865 tamen,
1637 2787 1815 2872 quod
1876 2788 2087 2853 eidem
2151 2787 2442 2855 Guidoni
2486 2791 2595 2866 vel
2640 2791 2843 2857 haere-

728 2890 922 2955 dibus
967 2889 1132 2966 suis,
1155 2888 1447 2954 debitam
1490 2888 1648 2953 inde
1707 2890 2377 2975 recompensationem
2420 2891 2493 2956 in
2537 2894 2731 2958 terris
2776 2901 2847 2959 et

726 2991 1138 3067 tenementis,
1170 2989 1244 3053 in
1302 3009 1503 3075 regno
1562 2989 1825 3077 Angliae
1869 2991 1980 3055 vel
2038 2991 2111 3055 in
2154 2997 2331 3057 terra
2376 2992 2632 3071 Scotiae‚
2678 3016 2845 3081 prae-

727 3092 866 3157 fato
936 3091 1244 3169 Guidoni,
1289 3096 1410 3155 aut
1475 3090 1850 3160 haeredibus
1910 3093 2066 3170 suis,
2112 3094 2187 3157 in
2248 3094 2463 3161 forma
2528 3098 2847 3182 praedicta

725 3195 1046 3272 tenendis,
1106 3194 1250 3258 fieri
1324 3193 1656 3271 faciamus,
1716 3198 2093 3279 antequam
2148 3196 2481 3280 praedicta,
2542 3204 2845 3276 castrum,

581 3352 594 3367 ,
725 3298 972 3374 villam,
1019 3295 1328 3374 maneria,
1381 3293 1840 3409 messuagium,
1885 3299 2093 3359 terras
2138 3301 2207 3359 et
2256 3301 2651 3374 tenementa,
2696 3320 2849 3365 cum

726 3398 1146 3487 pertinentiis
1191 3396 1328 3462 suis
1372 3396 1722 3481 praedictis,
1768 3396 1843 3459 in
1886 3416 2159 3460 manum
2203 3402 2513 3475 nostram,
2559 3405 2640 3464 ut
2681 3421 2847 3515 prae-

729 3503 990 3579 dicitur,
1034 3519 1458 3569 resumamus.
1553 3496 1772 3576 Quare
1816 3495 2140 3592 volumus,
2187 3504 2257 3562 et
2300 3498 2577 3565 firmiter
2621 3501 2848 3586 praeci-

729 3605 965 3691 pimus,
1011 3624 1130 3688 pro
1174 3600 1364 3666 nobis
1409 3604 1480 3664 et
1521 3598 1895 3664 haeredibus
1960 3600 2219 3676 nostris,
2266 3601 2443 3684 quod
2494 3603 2849 3687 praedictus

733 3705 952 3769 Guido
995 3704 1239 3768 habeat
1282 3706 1352 3765 et
1395 3703 1636 3777 teneat,
1667 3700 1795 3764 sibi
1838 3705 1908 3765 et
1936 3698 2309 3766 haeredibus
2348 3702 2502 3780 suis,
2533 3703 2852 3789 praedicta

735 3810 1037 3879 castrum,
1084 3802 1330 3880 villam,
1397 3801 1766 3866 manerium
1835 3801 1919 3866 de
1988 3802 2378 3868 Middelton'
2432 3809 2502 3869 et
2560 3805 2847 3882 chaceaS‚

736 3926 872 3970 una
916 3925 1066 3970 cum
1110 3903 1318 3968 feodis
1369 3902 1677 3979 militum,
1724 3901 2268 3968 advocationibus
2321 3904 2735 3969 ecclesiarum
2782 3910 2851 3970 et

739 4008 1082 4073 domorum
1155 4004 1622 4090 religiosarum,
1698 4002 2134 4081 libertatibus,
2211 4004 2435 4069 liberis
2502 4010 2849 4071 consuetu-

738 4109 1022 4184 dinibus,
1069 4111 1139 4172 et
1205 4104 1509 4170 omnibus
1576 4103 1726 4172 aliis
1787 4104 1877 4169 ad
1945 4105 2173 4169 eadem
2239 4112 2547 4185 castrum,
2602 4108 2849 4187 villam,

737 4207 1107 4273 manerium
1175 4211 1244 4269 et
1309 4203 1578 4270 chaceas
1638 4204 2097 4287 quoquomodo
2158 4206 2625 4290 spectantibus,
2687 4206 2852 4273 adeo

737 4310 932 4396 plene
991 4312 1062 4373 et
1120 4307 1395 4391 integre,
1440 4304 1614 4370 sicut
1674 4304 2029 4389 praedictus
2091 4303 2139 4370 J
2138 4304 2446 4382 ohannes
2492 4304 2669 4371 filius
2736 4306 2783 4373 J
2784 4330 2851 4373 o

737 4410 994 4487 hannis,
1041 4430 1122 4475 ea
1161 4406 1384 4473 tenuit
1434 4411 1790 4490 antequam
1834 4405 1922 4470 ad
1966 4425 2201 4470 manus
2244 4411 2518 4485 nostras,
2563 4412 2645 4473 ut
2687 4430 2851 4495 prae-

740 4514 1003 4592 dicitur,
1049 4512 1474 4585 devenerunt,
1505 4508 1578 4571 in
1621 4511 2037 4593 perpetuum.
2151 4507 2241 4573 Et
2286 4507 2463 4605 quod
2492 4508 2671 4576 dicta
2712 4530 2851 4579 ma-

736 4616 998 4681 nerium
1044 4613 1127 4679 de
1172 4607 1531 4697 Gaynford’
1579 4613 1650 4673 et
1715 4608 2157 4695 messuagium
2218 4615 2287 4675 et
2353 4609 2485 4675 alia
2544 4617 2736 4677 terrae
2782 4618 2852 4680 et
