3592 5817
1038 900 1436 950 REGISTRUM
1482 898 1778 951 PALATIN
1787 900 1888 951 ΠΜ
1934 900 2421 960 DUNELMENSE.
2702 890 2788 955 49

2501 1024 2531 1071 ι

335 1095 492 1141 Ain-⁸⁵
509 1095 648 1141 ΕΜ
678 1083 825 1150 den’
896 1091 965 1150 et
1030 1086 1370 1152 Alverton’
1437 1093 1509 1152 et
1558 1086 1814 1153 'catalla
1879 1086 2169 1153 felonum
2216 1088 2675 1153 damnatorum
2718 1089 2792 1154 in
2842 1105 2897 1149 A
2898 1105 2953 1151 ι).
2970 1108 3086 1153 1³06.

677 1186 944 1266 eisdem,
994 1188 1169 1252 infra
1212 1175 1478 1253 feodum
1523 1210 1718 1253 suum
1761 1188 2055 1254 inventa.

769 1288 958 1365 Item,
993 1288 1236 1355 clamat
1279 1290 1520 1355 habere
1549 1288 1740 1374 wayf
1761 1288 1935 1354 infra
1963 1290 2303 1355 libertates
2344 1253 2691 1375 praedictas
2722 1297 2791 1356 et
2879 1327 2911 1369 f
2928 1324 3005 1371 274
3020 1328 3065 1371 b

674 1390 1140 1475 inquisitiones
1170 1412 1416 1478 capere,
1449 1412 1534 1455 ex
1580 1396 1768 1477 parte
1814 1390 2067 1456 domini
2112 1392 2301 1478 regia
2349 1392 2787 1459 observandas
2874 1406 2879 1417 '

675 1498 828 1578 post
872 1492 1334 1579 inquisitiones
1379 1494 1798 1560 vicecomitis.

767 1594 958 1673 Item,
1006 1596 1248 1662 clamat
1309 1595 1550 1661 habere
1615 1600 1979 1661 mercatum
2038 1594 2219 1681 apud
2264 1594 2621 1673 Alverton',
2668 1618 2787 1682 per

676 1695 855 1761 diem
902 1698 1208 1763 Mercurii
1253 1697 1327 1762 in
1372 1696 1670 1782 qualibet
1713 1697 2101 1783 septimana,
2150 1702 2219 1762 et
2261 1696 2492 1762 feriam
2538 1698 2786 1765 ibidem

671 1798 876 1863 semel
919 1800 994 1863 in
1037 1820 1228 1878 anno,
1274 1798 1598 1877 videlicet,
1632 1800 1703 1864 in
1748 1798 1983 1885 vigilia
2049 1805 2119 1863 et
2178 1798 2285 1863 die
2348 1798 2576 1865 Sancti
2622 1800 2783 1865 Bar-

669 1898 1006 1991 tholomaei
1051 1902 1452 1978 duraturam,
1501 1905 1571 1966 et
1614 1921 1692 1966 ea
1736 1921 1886 1985 quae
1931 1901 2017 1966 ad
2060 1900 2291 1965 feriam
2323 1905 2391 1966 et
2420 1906 2781 1968 mercatum

666 2003 1016 2087 pertinent.

755 2103 951 2181 Item,
995 2104 1238 2169 clamat
1303 2103 1546 2169 habere
1612 2108 1977 2169 mercatum
2023 2104 2205 2189 apud
2250 2102 2613 2195 Houeden'‚
2662 2126 2779 2189 per

664 2204 840 2269 diem
912 2204 1190 2270 Sabbati
1235 2205 1308 2269 in
1353 2205 1650 2291 qualibet
1694 2206 2081 2291 septimana,
2128 2211 2198 2271 et
2241 2206 2471 2271 feriam
2532 2206 2778 2271 ibidem

663 2306 864 2371 semel
908 2308 984 2371 in
1028 2327 1222 2385 ann0,
1267 2307 1578 2373 videlicet
1620 2307 1696 2370 in
1738 2307 1974 2393 vigilia
2018 2313 2086 2372 et
2146 2308 2273 2371 die
2315 2306 2543 2373 Sancti
2589 2307 2777 2373 Mau·
2820 2370 2825 2381 ,

663 2408 810 2474 ricii
884 2409 1291 2487 duraturam,
1361 2413 1430 2473 et
1493 2428 1570 2474 ea
1633 2428 1782 2493 quae
1850 2408 1937 2473 ad
2010 2407 2241 2473 feriam
2284 2414 2374 2524 et
2418 2414 2777 2475 mercatum

667 2510 1025 2595 pertinent.

756 2611 948 2689 Item,
997 2611 1240 2677 clamat
1306 2609 1548 2675 habere
1593 2610 1943 2696 piscariam
1988 2608 2063 2674 in
2107 2608 2245 2675 Use
2292 2616 2360 2676 et
2389 2610 2775 2688 Derewent’,

667 2712 844 2777 infra
909 2713 1288 2778 libertatem
1334 2734 1521 2777 suam
1587 2713 1670 2777 de
1734 2712 2095 2790 Houeden',
2144 2717 2213 2777 et
2256 2713 2465 2798 pisces
2510 2712 2775 2799 regales
2829 2796 2833 2800 .

662 2814 931 2900 quando
1003 2814 1362 2893 evenerint,
1410 2814 1612 2879 salvis
1682 2813 1949 2881 domino
1994 2814 2135 2901 regi
2196 2814 2412 2901 capite
2456 2820 2525 2879 et
2569 2813 2779 2881 cauda

657 2916 743 2982 de
788 2916 1059 2981 balaena.

749 3018 944 3096 Item,
1013 3018 1254 3083 clamat
1316 3016 1555 3082 habere
1641 3015 1824 3102 apud
1900 3016 2161 3102 Creyk',
2238 3016 2632 3103 infangthef
2708 3022 2778 3083 et

659 3119 876 3187 furcas
924 3126 993 3186 et
1038 3119 1278 3186 catalla
1336 3119 1628 3185 felonum
1675 3114 2141 3185 damnatorum
2184 3120 2258 3183 in
2304 3120 2530 3185 eadem
2576 3120 2775 3197 curia,

661 3228 731 3288 et
760 3223 1038 3288 liberam
1069 3242 1449 3287 warennam
1495 3222 1569 3286 1ιι
1615 3222 1960 3288 dominicis
1989 3222 2183 3286 terris
2214 3223 2350 3287 suis
2381 3222 2453 3285 in
2482 3222 2775 3287 manerio

661 3325 1000 3411 praedictO,
1048 3345 1320 3409 parcum
1366 3330 1435 3388 et
1479 3322 1825 3389 salterium
1872 3324 1947 3387 in
1993 3325 2236 3393 eodem.

751 3427 944 3503 Item,
991 3425 1234 3491 clamat
1277 3425 1517 3490 habere
1565 3424 1872 3490 emendas
1918 3426 2139 3489 assisae
2184 3424 2375 3510 panis
2420 3430 2491 3489 et
2534 3426 2775 3491 cerevi-

660 3529 777 3594 siae
822 3528 1050 3594 fractae
1095 3550 1214 3614 per
1258 3533 1434 3592 totas
1479 3526 1820 3592 libertates
1865 3525 2227 3612 praedictas.
2322 3525 2780 3591 Communiter

659 3630 1044 3696 recordatur
1105 3628 1284 3715 quod
1343 3622 1556 3714 prior.
1584 3628 1665 3692 de
1718 3624 2177 3712 Tynemouth',
2254 3626 2777 3713 archiepiscopus

663 3731 1107 3807 Eboracensis,
1187 3730 1524 3795 Gilbertus
1586 3729 1667 3793 de
1741 3727 2160 3806 Umfiaivill',
2206 3750 2326 3792 rex
2397 3728 2642 3819 Scotiae
2708 3735 2778 3793 et

655 3834 1008 3918 episcopus
1053 3831 1540 3909 Dunolmensis,
1573 3831 1818 3896 debent
1860 3830 2143 3917 recipere
2190 3831 2481 3917 capitula
2524 3852 2777 3897 coronae

661 3934 746 3999 de
811 3925 1203 4019 justiciariis
1269 3932 1380 4001 hic
1443 3932 1676 4011 missiS,
1725 3937 1809 4010 et,
1857 3933 2217 4004 secundum
2293 3932 2586 4018 capitula
2628 3933 2775 4010 ista,

655 4036 1000 4101 libertates
1043 4056 1196 4101 suas
1239 4034 1568 4121 placitare,
1616 4041 1685 4101 et
1727 4035 1859 4100 hiis
1904 4056 2051 4121 quae
2098 4035 2183 4099 ad
2228 4055 2531 4100 coronam
2574 4036 2777 4119 perti-

653 4142 865 4202 nent:
893 4144 962 4202 et
1001 4128 1197 4223 super
1227 4136 1351 4203 hoc
1395 4143 1724 4203 venerunt
1752 4136 1986 4202 ballivi
2017 4136 2496 4222 praedictorum,
2526 4135 2776 4220 prioris,

656 4239 1149 4325 archiepiscopi,
1223 4236 1506 4304 Gilberti
1574 4246 1642 4304 et
1733 4240 1905 4325 regis
1973 4238 2229 4315 Scotiae,
2297 4240 2366 4303 et
2440 4236 2777 4322 petierunt

655 4342 966 4428 capit-ula,
1017 4347 1089 4407 et
1133 4342 1226 4407 eis
1270 4341 1551 4407 liberata
1593 4340 1881 4406 fuerunt.

729 4531 1272 4619 Memorandum,
1306 4540 1482 4626 quod
1527 4540 1655 4605 iste
1699 4545 1803 4605 est
1846 4540 2079 4604 modus
2124 4539 2393 4655 petendi
2437 4538 2775 4605 libertates

595 4638 600 4641 ’
653 4642 827 4727 regis
879 4643 1138 4721 Smtiae,
1171 4642 1641 4729 archiepiscopi
1689 4642 2115 4711 Eboracensis
2160 4644 2229 4707 et
2258 4640 2542 4728 episcopi
2588 4640 2773 4707 Dun-

651 4742 986 4823 olmensis‚
1019 4752 1089 4810 et
1131 4745 1296 4811 alias
1340 4744 1696 4811 libertates.
1699 4782 1788 4793 —-

836 4863 988 4913 VOL.
1037 4864 1136 4913 111.
2262 4942 2268 4948 ¹
2452 4862 2503 4911 n
