3592 5817
507 1118 748 1215 ,AD-127⁹,
809 1104 1018 1179 dictae,
1067 1104 1298 1169 dicunt
1361 1102 1594 1188 [quod]
1657 1101 2012 1187 praedictus
2074 1101 2411 1181 Ricardus,
2457 1108 2615 1169 ante
2688 1100 2907 1191 arrep-
2983 1116 3071 1159 An-

553 1926 585 1969 f.
603 1928 691 1971 281.

811 900 897 968 78
1166 914 1566 964 mors-ntum
1611 913 2015 965 mummi
2062 915 2546 965 numm-Essa

806 1206 1054 1271 tionem
1122 1204 1379 1269 itineris
1441 1203 1546 1269 sui
1607 1224 1837 1268 versus
1882 1202 2148 1269 Terram
2212 1203 2541 1283 Sanctam,
2586 1205 2661 1269 in

805 1306 1156 1391 usurpavit
1227 1305 1354 1370 sibi
1429 1302 1688 1371 easdem
1776 1325 1999 1389 aquas,
2060 1308 2129 1369 et
2201 1326 2319 1390 per
2391 1305 2671 1370 ballivos
2758 1328 2909 1372 suos

806 1407 1080 1473 arestari
1123 1405 1284 1471 fecit
1325 1405 1604 1471 batellos
1647 1411 1717 1469 et
1757 1426 1964 1469 naves
2008 1410 2423 1471 transeuntes
2467 1428 2586 1492 per
2630 1408 2904 1472 easdem.

807 1508 898 1573 Et
942 1508 1024 1572 de
1090 1507 1498 1593 piscantibus
1558 1507 1636 1571 in
1679 1507 1943 1585 eisdem,
1989 1506 2165 1592 cepit
2206 1508 2377 1572 retia
2438 1529 2777 1594 quousque
2820 1510 2907 1575 ab

807 1612 900 1677 eis
963 1612 1210 1697 ceperit
1273 1610 1438 1675 fines
1503 1610 1580 1673 in
1639 1615 1844 1695 parte,
1892 1616 1962 1675 et
2020 1610 2406 1676 maletoltas.
2522 1612 2611 1676 Et
2656 1612 2905 1690 dicunt,

805 1717 998 1801 quod,
1044 1720 1196 1801 post
1243 1716 1532 1780 reditum
1593 1713 1887 1799 ejusdem
1947 1714 2213 1779 Ricardi
2258 1713 2343 1779 de
2401 1714 2603 1780 Terra
2646 1716 2906 1795 Sancta,

806 1816 1076 1903 quidam
1112 1816 1476 1881 Willelmus
1507 1816 1588 1879 de
1633 1815 1851 1900 Ireby,
1882 1814 2270 1880 senescallus
2302 1814 2593 1900 ejusdem
2624 1816 2909 1894 Rima-di,

803 1918 890 1981 ad
933 1938 1096 2003 opus
1143 1917 1394 1983 domini
1436 1916 1560 1992 sui,
1589 1917 1857 1981 omnino
1902 1915 2251 2001 usurpavit
2292 1916 2641 2000 praedictas
2686 1938 2907 2001 aquas,

803 2038 940 2083 non
981 2017 1372 2103 permittens
1415 2016 1704 2101 aliquem
1748 2016 1896 2081 illas
1940 2015 2213 2101 ingredi,
2242 2015 2331 2080 ad
2360 2016 2743 2081 cariandum
2788 2038 2905 2083 seu

803 2118 1187 2203 piscandum
1251 2118 1326 2181 in
1392 2117 1652 2193 eisdem,
1698 2117 1815 2181 sed
1879 2116 2158 2201 majores
2220 2122 2290 2181 et
2332 2117 2665 2202 graviores
2728 2118 2904 2203 cepit

805 2219 892 2284 ab
937 2218 1031 2285 eis
1075 2218 1241 2283 fines
1286 2222 1356 2283 et
1417 2218 1911 2303 redemptiones.
2005 2216 2099 2282 Et
2156 2216 2215 2281 si
2258 2216 2483 2302 aliqui,
2529 2218 2903 2303 quicunque

800 2321 1066 2398 fuerint,
1101 2342 1276 2387 cum
1337 2320 1598 2386 batellis
1664 2340 1780 2383 seu
1840 2319 2125 2387 navibus
2187 2340 2305 2404 per
2378 2320 2637 2385 easdem
2698 2340 2903 2405 aquas

799 2422 1022 2506 aliqua
1065 2422 1240 2486 bona
1281 2426 1401 2486 aut
1444 2420 1821 2497 necessaria,
1868 2420 2009 2483 sine
2052 2419 2397 2485 voluntate
2441 2421 2742 2505 praedicti
2786 2421 2903 2485 Ri-

807 2524 1004 2601 cardi,
1035 2546 1152 2589 seu
1198 2523 1593 2591 ballivorum
1637 2528 1923 2600 suorum,
1953 2521 2345 2586 transissent
2378 2540 2495 2586 seu
2524 2522 2899 2602 satiassent,

799 2647 916 2691 seu
988 2625 1244 2710 aliquos
1319 2623 1594 2689 batellos
1667 2622 1777 2688 vel
1850 2643 2054 2688 naves
2129 2627 2509 2687 onerassent
2568 2623 2901 2708 aliquibus

797 2727 1004 2803 bonis,
1051 2727 1161 2791 vel
1219 2726 1278 2791 si
1321 2725 1528 2811 aliqui
1589 2725 1664 2789 in
1709 2723 1955 2789 eisdem
1996 2724 2188 2811 aquis
2232 2724 2559 2809 piscantes
2624 2720 2907 2791 fuissent

799 2828 1076 2906 inventi,
1108 2827 1440 2915 praedictae
1481 2846 1686 2891 naves
1733 2830 1803 2891 et
1846 2824 2090 2903 batelli,
2122 2846 2273 2891 cum
2301 2826 2490 2891 bonis
2533 2826 2608 2889 in
2653 2826 2898 2892 eisdem

801 2929 1112 3007 inventiS,
1157 2928 1423 3015 penitus
1465 2927 1736 2993 fuerunt
1795 2927 2007 2991 eidem
2068 2926 2351 2991 Ricardo
2395 2925 2741 3004 forisfacta,
2806 2933 2897 3005 et,

799 3036 879 3097 ut
921 3031 1270 3108 forisfacta,
1315 3034 1618 3107 arestata,
1666 3049 2004 3115 quousque
2064 3049 2107 3094 a
2147 3028 2623 3114 possessoribus
2642 3049 2901 3094 .eorun-

802 3131 952 3197 dem
1025 3132 1361 3208 bonorum,
1415 3153 1568 3203 seu·
1605 3130 2030 3216 piscantibus,
2073 3150 2307 3215 graves
2374 3129 2671 3216 ceperint
2730 3129 2897 3196 fines

797 3257 918 3321 pro
961 3235 1307 3299 voluntate
1351 3255 1488 3311 sua,
1535 3238 1604 3297 et
1648 3232 2142 3318 redemptiones.
2237 3231 2516 3311 Quaesiti
2562 3232 2645 3297 de
2706 3233 2901 3298 modo

799 3336 1160 3402 exactionis
1203 3335 1516 3421 pecuniae,
1561 3340 1631 3399 et
1673 3332 2063 3419 receptionis
2108 3333 2415 3418 ejusdem,
2448 3333 2681 3399 dicunt
2724 3334 2901 3419 quod

799 3436 882 3502 de
953 3436 1296 3523 particulis
1369 3456 1504 3500 non
1577 3440 1797 3520 potest
1873 3434 1966 3499 eis
2040 3438 2351 3511 constare,
2426 3456 2549 3499 nec
2620 3440 2899 3519 possunt

799 3538 1163 3622 inquirere3
1223 3538 1338 3603 sed
1404 3536 1682 3602 credunt
1725 3536 1905 3621 quod
1946 3536 2321 3621 percipiunt
2384 3534 2540 3617 inde
2600 3535 2765 3600 fines
2828 3540 2899 3599 et

797 3638 1293 3724 redemptiones,
1341 3642 1409 3703 et
1437 3638 1582 3715 alia,
1630 3643 1829 3724 prout
1871 3637 2081 3722 major
2124 3641 2193 3703 et
2250 3636 2683 3711 ,communitas
2726 3658 2895 3722 prae-

803 3740 982 3807 dicta
1045 3744 1426 3824 queruntur,
1471 3739 1580 3805 vel
1644 3739 1929 3825 gravius.
2022 3738 2303 3820 Quaesiti
2348 3739 2429 3803 de
2486 3738 2682 3803 modo
2742 3760 2893 3805 con-

797 3843 1190 3907 tinuationis
1231 3864 1348 3928 per
1393 3842 1782 3929 praedictum
1813 3840 2237 3906 Edmundum
2280 3842 2488 3918 factae,
2518 3863 2561 3905 a
2604 3846 2899 3928 tempore

799 3944 1030 4008 mortis
1046 3942 1072 3980 ²
1137 3943 1437 4029 praedicti
1504 3942 1771 4008 Ricardi
1848 3963 2055 4027 usque
2127 3964 2320 4019 nunc,
2400 3942 2646 4020 dicunt,
2717 3942 2893 4027 quod

795 4044 972 4109 idem
1005 4044 1392 4111 Edmundus
1436 4052 1660 4109 omne's
1688 4043 2146 4129 usurpationes
2174 4043 2521 4128 praedictas
2556 4043 2896 4129 hucusque

797 4147 1227 4212 continuavit.
1341 4145 1508 4213 Ideo
1581 4144 2063 4210 consideratum
2138 4148 2254 4222 est,
2309 4144 2485 4228 quod
2558 4144 2892 4229 praedictae

793 4268 1000 4333 aquae,
1061 4252 1258 4333 prout
1332 4246 1636 4313 dominus
1707 4268 1831 4310 rex
1902 4244 2265 4322 mandavit,
2313 4245 2395 4309 de
2456 4250 2691 4311 caetero
2757 4246 2896 4310 sint

795 4348 1016 4415 liberae
1063 4348 1365 4415 omnibus
1410 4353 1480 4413 et
1522 4346 1801 4433 singulis
1845 4347 1927 4412 de
1970 4345 2213 4432 populo
2255 4346 2342 4410 ad
2385 4346 2771 4431 piscandum
2822 4349 2896 4410 et

797 4452 1194 4531 cariandum,
1268 4449 1601 4527 victualia,
1661 4448 2113 4526 mercandisas,
2178 4452 2247 4513 et
2319 4448 2451 4513 alia
2522 4447 2695 4513 bona
2768 4468 2891 4512 sua

797 4574 1218 4638 quaecunque,
1269 4573 1386 4637 per
1428 4549 1703 4615 batellos
1749 4556 1818 4615 et
1859 4570 2079 4627 naves,
2121 4550 2298 4615 inter
2342 4548 2681 4615 civitatem
2724 4568 2893 4633 prae-

1523 4776 1537 4807 ¹
1573 4774 1766 4841 mortis]
1795 4780 1959 4827 morte
1982 4774 2035 4825 in
2058 4774 2171 4827 MS.

3016 1166 3105 1210 Ed.

3086 1117 3181 1210 ⁷18⁹
