3592 5817
889 862 1023 927 334·
1085 910 1105 925 χ
1252 874 1647 927 nmls'rnma
1694 874 2098 925 mmm-mun
2145 874 2632 927 DUNELMENSE.

578 1087 692 1133 Aa).
706 1090 825 1135 184⁰.
882 1063 1239 1129 indentura
1314 1064 1491 1129 inter
1512 1063 1539 1101 ¹
1613 1064 1962 1151 praedictos
2037 1062 2384 1129 dominum
2443 1060 2874 1147 Radulphum
2916 1067 2988 1127 et

880 1165 1215 1231 dominam
1245 1165 1629 1231 Alianoram
1674 1166 1916 1231 factam
1943 1189 1958 1245 3
2001 1164 2364 1230 tenendum
2395 1168 2464 1229 et
2491 1163 2868 1229 habendum
2897 1164 2986 1228 ad

879 1273 1088 1333 totam
1148 1269 1359 1333 vitam
1433 1268 1641 1352 ipsius
1716 1267 2000 1331 dominae
2075 1265 2422 1343 Alianom,
2499 1266 2581 1329 de
2669 1265 2984 1350 praedicto

877 1369 1141 1436 domino
1172 1369 1523 1455 Radulpho
1562 1374 1633 1435 et
1660 1368 2032 1435 haeredibus
2064 1367 2216 1444 suis,
2245 1389 2365 1453 per
2407 1366 2754 1432 servitium
2783 1367 2982 1432 unius

874 1492 1037 1537 rosae
1100 1493 1216 1557 per
1276 1492 1526 1537 annum
1592 1470 1679 1536 ad
1724 1469 1968 1536 festum
2032 1468 2261 1535 Sancti
2327 1468 2374 1533 J
2373 1468 2652 1535 ohannis
2719 1469 2982 1555 Baptis-

872 1578 977 1651 tae,
1048 1594 1167 1657 pro
1234 1572 1415 1637 omni
1476 1571 1764 1648 servitio,
1820 1569 2310 1646 consuetudine,
2357 1576 2427 1634 et
2484 1569 2846 1649 demanda3
2907 1570 2982 1633 in

873 1673 1286 1739 excambium
1347 1693 1467 1758 pro
1526 1672 1791 1737 redditu
1853 1678 1924 1737 et
1983 1671 2252 1737 servitio
2313 1670 2518 1737 libere
2535 1669 2562 1707 ¹
2605 1671 2980 1737 tenentium

873 1774 1069 1841 dictae
1114 1774 1397 1840 dominae
1427 1774 1757 1841 Alienorae
1804 1772 1886 1838 de
1917 1771 2222 1839 Carlburi
2253 1776 2322 1837 et·
2363 1771 2719 1857 Hulmeby,
2765 1778 2836 1838 et
2863 1794 2981 1859 pro
3047 1838 3052 1841 .

872 1876 1178 1941 omnibus
1238 1877 1431 1941 terris
1502 1879 1575 1940 et
1654 1874 2050 1939 tenementis
2160 1892 2266 1938 uae
2339 1873 2655 1959 praedicta
2713 1874 2982 1943 domina

871 1976 1225 2053 Alimora*
1262 1976 1483 2043 tenuit
1560 1976 1634 2041 in
1695 1976 1917 2041 dotem
1983 1975 2057 2039 in
2175 1974 2448 2061 arlbury
2509 1981 2578 2041 et
2645 1974 2980 2061 Ulmeby;

871 2097 1022 2143 cum
1084 2077 1459 2144 molendino
1533 2076 1617 2141 de
1682 2076 2006 2153 Oarlburi,
2066 2080 2307 2160 praeter
2379 2076 2648 2143 tertiam
2721 2082 2976 2162 partem

872 2178 1151 2245 duarum
1232 2179 1523 2264 partium
1596 2178 1892 2263 ejusdem
1965 2177 2340 2244 molendini.
2428 2204 2432 2208 ·
2463 2178 2554 2243 Et
2625 2179 2980 2265 praedictus

872 2280 1177 2346 dominus
1222 2278 1615 2365 Radulphus
1660 2278 1974 2357 concedit,
2005 2277 2124 2364 ‘pro
2169 2300 2240 2343 se
2289 2284 2360 2343 et
2408 2277 2780 2345 haeredibus
2825 2282 2978 2357 suis,

873 2383 1051 2469 quod
1094 2383 1235 2471 ipse
1280 2385 1350 2447 et
1391 2380 1685 2447 haeredes
1736 2380 1842 2445 sui
1886 2380 2417 2447 warantizabunt
2459 2380 2792 2466 praedictae
2835 2382 2978 2445 Ali-

874 2505 1093 2552 anorae
1160 2483 1495 2549 redditum
1556 2488 1627 2548 et
1684 2481 1960 2547 servitia.
2003 2481 2206 2547 libere
2267 2482 2639 2547 tenentium
2707 2482 2980 2567 praedic-

874 2592 1112 2666 torum,
1178 2592 1249 2651 et
1313 2586 1651 2651 haeredum
1716 2606 2026 2663 suorum3
2069 2605 2146 2649 ac
2190 2584 2393 2651 etiam
2438 2589 2646 2649 terras
2690 2583 2976 2650 husban—

874 2689 1122 2765 domm,
1188 2686 1600 2762 cetariormn,
1666 2690 1736 2749 et
1811 2684 2192 2762 bondorum,
2269 2682 2750 2770 praedictorum,
2825 2706 2978 2751 cum

872 2788 1124 2865 bondis
1170 2787 1257 2852 ad
1302 2791 1515 2853 totam
1562 2785 1774 2851 vitam
1806 2785 2013 2871 ipsius
2041 2784 2326 2851 dominae
2371 2784 2718 2863 Alianorae,
2751 2792 2980 2853 contra.

874 2910 1098 2955 omnes
1142 2886 1481 2965 homines3
1526 2892 1597 2953 et
1640 2888 1854 2973 ipsam
1897 2886 2204 2952 similiter
2263 2908 2492 2952 versus
2537 2908 2974 2973 quoscunque,

872 3012 992 3076 pro
1022 2989 1337 3076 praedicto
1382 2988 1671 3065 servitiO,
1704 2988 2191 3073 acquietabunt.
2285 2986 2376 3052 Et
2417 3009 2535 3074 pro
2579 2988 2727 3054 istis
2772 2989 2974 3057 dona-

872 3093 1053 3157 tione
1099 3096 1169 3157 et
1212 3090 1638 3167 concessione,
1686 3090 2196 3167 confirmatione,
2243 3094 2542 3155 waranta
2603 3096 2674 3155 et
2715 3092 2974 3177 acquie-

870 3194 1101 3272 tantia,
1166 3193 1481 3279 praedicta
1546 3191 1816 3258 domina
1888 3192 2204 3258 Alianora
2269 3191 2469 3269 dedit,
2531 3192 2862 3270 concaesit‚
2909 3200 2979 3259 et

872 3296 997 3363 hac
1069 3294 1382 3382 praesenti
1434 3299 1621 3361 carta.
1662 3314 1785 3359 sua
1857 3292 2290 3369 confirmavit,
2351 3292 2666 3378 praedicto
2711 3292 2975 3361 domino

872 3398 1225 3484 Radulpho
1270 3396 1604 3463 redditum
1650 3400 1718 3460 et
1762 3394 2034 3460 servitia
2061 3394 2264 3460 libere
2309 3394 2679 3461 tenentium
2709 3417 2975 3462 suorum

872 3502 955 3567 de
987 3500 1294 3567 Oarlburi
1338 3503 1409 3564 et
1451 3496 1760 3582 Ulmeby,
1792 3502 1865 3561 et
1905 3495 2242 3562 haeredum
2290 3496 2662 3561 tenentium
2707 3518 2974 3563 suorum

871 3602 1136 3680 ibidem,
1180 3623 1259 3668 ac
1300 3598 1525 3665 omnia
1568 3603 1776 3665 terras
1829 3602 1900 3663 et
1965 3586 2378 3663 tenementa'
2409 3618 2558 3682 quae
2619 3598 2840 3664 tenuit
2899 3600 2974 3663 in

872 3704 1093 3769 dotem
1138 3702 1212 3766 in
1252 3698 1545 3785 Ulmeby
1576 3704 1646 3764 et
1690 3698 2014 3776 Carlburi,
2045 3720 2194 3764 cum
2225 3703 2532 3784 proparte
2577 3720 2700 3765 sua
2726 3699 2974 3766 molen-

870 3805 1013 3869 dini
1058 3801 1401 3890 praedicti3
1444 3800 1826 3866 habendum
1873 3805 1943 3864 et
1971 3799 2331 3865 tenendum
2361 3800 2678 3885 praedicto
2709 3801 2974 3873 domino

867 3903 1235 3990 Radulpho,
1280 3902 1367 3969 ad
1409 3906 1621 3967 totam
1664 3902 1877 3969 vitam
1921 3901 2127 3987 ipsius
2172 3902 2454 3967 dominae
2497 3901 2844 3980 Alianorae,
2891 3903 2976 3968 de

868 4006 1259 4094 capitalibus
1328 4005 1609 4071 dominis
1671 4005 1751 4069 de
1819 4006 2058 4089 quibus
2104 4004 2283 4073 dicta
2348 4004 2616 4071 domina
2657 4006 2975 4073 Alianora

868 4110 1205 4176 redditum
1251 4113 1320 4175 et
1362 4108 1651 4185 servitia,
1682 4112 1893 4173 terras
1939 4113 2008 4173 et
2053 4112 2444 4185 tenementa,
2477 4128 2628 4175 cum
2657 4114 2966 4195 proparte

867 4234 989 4280 sua.
1039 4212 1400 4279 molendini
1440 4210 1755 4297 praedicti,
1802 4210 1984 4296 prius
2027 4210 2264 4287 tenuit,
2317 4232 2438 4296 pro
2481 4210 2770 4277 servitiis
2813 4212 2971 4276 inde

868 4317 1110 4383 debitis
1141 4322 1211 4383 et
1238 4315 1601 4384 consuetis:
1647 4314 1720 4379 in
1750 4314 2165 4381 excambium
2195 4334 2313 4401 pro
2343 4314 2675 4400 praedictis
2705 4313 2970 4381 redditu

868 4426 939 4485 et
982 4418 1269 4485 servitiis
1313 4418 1517 4493 libere
1562 4416 1950 4493 tenentium,
1999 4415 2190 4481 terris
2255 4419 2324 4480 et
2367 4416 2764 4481 tenementis
2805 4415 2968 4480 hus-

869 4521 1249 4597 bandorum,
1298 4518 1705 4595 cotariorum,
1749 4516 2134 4593 bondorum,
2165 4536 2314 4581 cum
2361 4516 2610 4594 bondiS‚
2643 4517 2726 4581 de
2757 4516 2968 4601 Wyn-

1652 4747 1671 4781 ¹
1704 4749 1964 4814 Repented
1983 4748 2039 4799 in
2061 4747 2186 4815 orig.
