3592 5817
904 966 911 973 .
992 906 1389 956 REGISTRUM
1435 904 1840 955 muli-mnu
1887 904 2372 954 DUNELMENSE.
2612 892 2740 957 395

632 1090 821 1157 Licet
864 1098 1088 1157 autem
1134 1093 1208 1156 in
1238 1092 1593 1178 praemissis
1638 1112 1757 1155 sex
1786 1091 1992 1157 socios
2037 1092 2209 1177 eligi,
2241 1094 2496 1157 ratione
2527 1092 2742 1156 reddi·
2803 1098 3050 1143 A·D·18⁴⁰·

632 1198 828 1257 tuum
888 1215 1005 1279 per
1052 1216 1157 1259 me
1204 1193 1399 1259 dictae
1452 1192 1677 1257 domui
1723 1192 2125 1269 collatorum,
2171 1193 2628 1271 ordinaverim,
2677 1200 2746 1259 et

635 1294 995 1379 quemlibet
1039 1295 1287 1360 socium
1318 1293 1707 1379 praedictum
1738 1297 1810 1357 et
1853 1292 2262 1378 capellanum
2307 1294 2396 1357 xi.
2444 1293 2746 1359 denarios

633 1394 1141 1479 septimanatim,
1175 1399 1244 1459 et
1287 1395 1677 1479 magistrum
1722 1394 1811 1456 xl.
1859 1392 2114 1471 solidos,
2146 1395 2323 1458 ultra
2366 1415 2744 1460 communas

634 1518 803 1575 suas,
849 1518 969 1582 pro
1014 1497 1151 1560 suis
1194 1496 1589 1573 necessariis,
1622 1496 1703 1559 de
1732 1496 1924 1559 bonis
1970 1496 2164 1561 dictae
2211 1496 2459 1573 domm,
2489 1496 2744 1561 ratione

635 1599 1019 1664 reddituum
1064 1598 1546 1684 praedictorum,
1594 1618 1729 1661 una
1772 1617 1924 1662 cum
1969 1602 2324 1683 augmento
2369 1619 2744 1663 communa-

636 1723 802 1778 rum,
850 1702 1074 1779 forma,
1124 1706 1203 1765 ut
1247 1700 1643 1789 praedicitur,
1690 1702 2020 1786 percipere
2068 1702 2550 1782 ordinaverim3
2593 1702 2746 1768 volo

634 1808 875 1881 tamen,
923 1808 993 1868 et
1049 1803 1295 1880 ordin0,
1352 1803 1528 1888 quod
1592 1804 1815 1868 omnia
1859 1807 1928 1867 et
1971 1804 2234 1889 singula
2276 1806 2351 1867 in
2394 1803 2748 1890 praemissis

635 1904 940 1969 ordinata
985 1904 1433 1980 observentur,
1482 1904 1539 1967 si
1569 1908 1639 1968 et
1684 1909 2013 1989 quatenus
2065 1904 2150 1968 ad
2196 1903 2320 1969 hoc
2365 1906 2592 1969 domui
2636 1927 2744 1969 su-

632 2006 948 2091 pradictae
998 2028 1115 2091 per
1157 2027 1262 2070 me
1310 2006 1660 2071 caritative
1706 2007 1963 2072 collatae
2008 2005 2338 2071 sufficiant
2381 2008 2743 2073 facultates.

632 2106 993 2171 Praemissis
1056 2107 1257 2171 etiam
1318 2106 1704 2191 adjiciendo,
1752 2108 2028 2173 decerno
2088 2108 2265 2192 quod
2329 2108 2385 2171 si
2446 2107 2746 2173 redditus

634 2208 707 2272 in
736 2209 1048 2293 praesenti
1092 2208 1287 2274 dictae
1334 2208 1558 2272 domui
1603 2209 1939 2295 assignati,
1971 2213 2090 2274 aut
2133 2210 2208 2272 in
2251 2214 2602 2294 posterum,
2634 2210 2749 2295 pia

632 2309 984 2395 largitione
1060 2309 1373 2387 fidelium,
1452 2311 1851 2395 assignandi,
1931 2312 2358 2388 excreverint,
2433 2332 2748 2375 numerus

635 2410 1031 2477 scholarium
1084 2411 1158 2473 in
1203 2411 1383 2476 dicta
1428 2411 1620 2475 domo
1666 2412 1888 2477 studio
1932 2411 2304 2497 Theologiae
2349 2412 2747 2489 vacantium,

634 2518 963 2598 quatenus
1008 2514 1236 2599 augeri
1280 2514 1543 2598 poterit,
1574 2519 1914 2599 augeatur,
1944 2514 2075 2578 nisi
2107 2514 2187 2578 de
2233 2514 2639 2579 conferendis
2675 2514 2749 2578 in

634 2614 937 2677 futurum
982 2637 1101 2699 per
1132 2615 1479 2679 donatores
1525 2615 1703 2701 ipsos
1750 2615 1998 2700 [aliter]
2044 2616 2396 2701 contigerit
2439 2616 2746 2681 ordinari.

637 2714 728 2778 Et
761 2736 845 2779 ne
868 2715 1077 2799 aliqui
1109 2715 1190 2779 de
1221 2714 1625 2781 scholaribus
1655 2716 1990 2801 praedictis
2020 2716 2464 2801 ignorantiam
2493 2715 2746 2794 horum,

634 2816 707 2879 in
751 2817 995 2880 futuris
1058 2816 1482 2901 temporibus,
1530 2817 1787 2901 possint
1850 2817 2278 2901 quovismodo
2321 2817 2745 2902 praetendere,

632 2922 855 2982 statuo
901 2916 1079 3002 quod
1124 2918 1403 3003 singulis
1448 2918 1658 2996 annis,
1690 2918 1765 2981 in
1815 2918 1984 2983 festo
2030 2917 2292 2985 Sanctae
2337 2920 2746 3005 Margaretae,

632 3040 920 3104 praesens
1011 3020 1329 3105 scriptum
1407 3041 1623 3085 coram
1700 3021 2006 3086 omnibus
2080 3021 2342 3106 publice
2415 3022 2744 3086 recitetur.

633 3119 824 3198 Item,
890 3120 1181 3206 dispon0,
1246 3120 1497 3199 ordino,
1559 3127 1630 3187 et
1696 3121 1783 3187 ad
1849 3122 2188 3208 praemissa
2250 3122 2504 3207 adjicio,
2570 3122 2746 3206 quod

631 3221 819 3286 Prior
885 3244 999 3287 seu
1062 3228 1283 3288 custos
1344 3222 1816 3289 monachorum
1861 3224 2431 3300 Dunolmensium,
2467 3224 2744 3290 Oxoniae

634 3323 1065 3399 studentium,
1113 3345 1233 3407 per
1296 3323 1588 3388 Priorem
1641 3323 2160 3388 Dunolmensem
2224 3324 2574 3408 praefectus
2617 3324 2745 3389 col·

633 3421 804 3507 legio
824 3421 851 3460 ¹
894 3422 984 3486 sit
1027 3422 1099 3485 in
1146 3422 1451 3487 omnibus
1498 3421 1990 3501 Cancellarius,⁵⁵
2033 3423 2142 3487 vel
2181 3424 2328 3508 ,ejus
2375 3424 2746 3489 commissa—

636 3524 792 3601 riuS,
857 3529 1159 3589 exerceat
1225 3526 1450 3590 omnia
1511 3546 1659 3610 quae
1727 3526 1900 3591 circa
1966 3526 2175 3593 dictos
2243 3526 2480 3591 electos
2546 3526 2750 3591 fuerit

634 3625 1087 3691 exercendum.
1226 3624 1333 3689 Sit
1376 3630 1600 3690 autem
1660 3625 1837 3691 idem
1889 3627 2081 3712 prior,
2131 3649 2246 3692 seu
2291 3631 2526 3704 custos,
2572 3648 2746 3691 unus

633 3747 785 3791 cum
853 3726 1187 3811 magistris
1251 3726 1651 3804 extrinsecis,
1700 3727 1942 3812 quibus
2000 3728 2163 3794 dicti
2226 3750 2343 3793 sex
2406 3728 2745 3807 scholares,

634 3827 744 3892 vel
778 3825 1014 3912 plures,
1048 3849 1197 3894 cum
1227 3828 1402 3893 bona
1428 3830 1857 3908 excreverint,
1889 3831 2274 3916 praesentari
2304 3830 2562 3908 debent,
2594 3852 2744 3896 cum

634 3928 980 4013 eligantur,
1049 3928 1441 4014 plenamque
1515 3935 1910 4016 potestatem
1979 3954 2129 3998 cum
2195 3932 2344 3996 aliis
2409 3933 2745 4017 magistris

634 4028 941 4106 habeant,
987 4028 1073 4094 ad
1118 4030 1379 4094 eosdem
1424 4029 1746 4096 scholares
1807 4032 2339 4109 examinandum,
2385 4034 2740 4097 admitten-

636 4129 812 4207 dum,
876 4129 1338 4215 repellendum,
1382 4129 1494 4195 vel
1553 4131 1754 4197 etiam
1824 4132 2048 4198 omnia
2111 4132 2245 4197 alia
2307 4133 2740 4197 exercendum

634 4231 806 4297 circa
851 4231 1125 4309 eosdem,
1174 4253 1323 4316 quae
1368 4232 1539 4297 circa
1597 4232 1762 4297 alios
1813 4233 2154 4310 scholares,
2198 4234 2272 4297 in
2317 4234 2544 4298 eadem
2589 4234 2745 4301 aula

634 4332 1011 4411 existentes,
1043 4333 1393 4418 praedictos
1436 4332 1785 4418 magistros
1830 4334 2228 4399 extrinsecos
2273 4336 2560 4399 exerceri
2589 4356 2741 4401 con-

633 4434 973 4499 sueverint
1023 4440 1316 4520 tempore
1363 4438 1700 4501 retroacto.
1792 4433 1963 4500 Volo
2006 4435 2290 4521 insuper,
2337 4441 2405 4501 et
2450 4436 2742 4524 dispon0,

636 4538 815 4621 quod
858 4538 1145 4623 episcopi
1198 4536 1693 4616 Dunolmenses,
1756 4537 1874 4622 qui
1933 4560 2051 4623 pro
2119 4541 2410 4624 tempore
2473 4538 2740 4617 fuerint,

701 4762 721 4795 ¹
754 4761 967 4829 collegia
988 4762 1043 4813 in
1066 4762 1193 4830 orig.
1675 4763 1688 4831 Ι
1781 4762 1806 4797 ²
1837 4762 2138 4816 concellarius
2159 4763 2214 4815 in
2236 4764 2361 4834 orig.
