3592 5817
1018 854 1415 904 mmsrnmr
1461 853 1868 903 mmmmm
1913 852 2399 902 DUNELMENSE.
2636 837 2760 901 391

660 1064 853 1108 onem
904 1050 1347 1122 memoratam,
1394 1048 1976 1129 quantumcunque
2020 1043 2147 1107 sibi
2191 1042 2355 1107 alias
2414 1042 2764 1127 probitatis
2825 1052 2936 1097 AD·
2952 1055 3070 1100 1³40.

660 1150 731 1209 et
797 1146 959 1211 vitae
1042 1147 1281 1211 merita
1343 1146 1826 1231 sufl'ragentur3
1886 1166 1971 1209 ne
2034 1146 2207 1209 bona
2274 1143 2468 1209 dictae
2535 1144 2767 1208 domus

658 1246 734 1309 in
773 1246 1006 1311 litibus
1053 1248 1342 1313 inaniter
1388 1244 1890 1332 expendantur.¹
1981 1245 2170 1322 Item,
2203 1245 2277 1307 in
2319 1244 2768 1309 admonitione

660 1349 825 1415 dicti
869 1351 1187 1437 magistri,
1221 1373 1388 1428 cum,
1437 1372 1523 1415 ex
1568 1349 1781 1416 causis
1827 1349 2128 1435 supernis
2173 1349 2524 1426 annotatis,
2566 1347 2768 1413 fuerit

658 1455 1037 1521 admonitus
1093 1478 1336 1534 cense0,
1382 1456 1866 1523 observandum
1916 1459 1985 1519 et
2027 1453 2210 1518 istud
2255 1454 2328 1517 in
2373 1451 2765 1517 admissione

656 1576 779 1619 sua
841 1578 883 1621 a
949 1556 1245 1642 quolibet
1316 1557 1407 1621 sit
1474 1553 1820 1641 juratum.²
1910 1555 2016 1619 Ne
2067 1559 2292 1619 autem
2339 1553 2423 1617 ob
2490 1552 2766 1617 crimina

528 1674 539 1683 ·
654 1656 919 1736 leviora,
966 1663 1049 1723 ut
1092 1658 1392 1744 superius
1452 1679 1834 1743 expressum
1897 1660 2012 1733 est,
2059 1654 2169 1720 vel
2237 1654 2516 1720 offensas
2567 1651 2762 1730 leves,

656 1758 897 1841 ejectis,
973 1764 1095 1824 aut
1172 1758 1487 1823 Studium
1556 1758 2022 1834 deserentibuS,
2107 1755 2321 1822 omnis
2406 1756 2764 1839 denegetur

654 1857 1051 1937 humanitas,
1098 1860 1155 1924 si
1220 1860 1294 1923 in
1346 1864 1682 1945 posterum
1751 1859 1984 1944 dignos
2028 1857 2442 1942 poenitentiae
2509 1855 2762 1921 fruetus

654 1960 924 2045 egerint,
971 1966 1041 2025 et
1092 1962 1484 2045 magistrum
1529 1982 1647 2025 seu
1708 1960 2032 2025 scholares
2077 1959 2308 2023 domus
2369 1957 2762 2042 supradictae

569 2054 575 2059 ’
651 2062 907 2145 agendo
957 2055 1089 2127 vel'
1110 2060 1517 2147 appellandO,
1564 2066 1685 2125 aut
1736 2081 1856 2145 per
1921 2058 2150 2124 modos
2214 2058 2394 2134 alios,
2463 2056 2763 2144 superius

652 2161 1042 2240 nominatos,
1090 2163 1422 2227 occasione
1486 2182 1623 2225 suae
1690 2160 2002 2226 abitiom's
2023 2157 2050 2198 ³
2115 2180 2531 2244 nequaquam
2595 2181 2760 2244 prae-

650 2261 951 2326 caverint
1016 2262 1369 2340 molestari,
1414 2282 1611 2347 seque
1678 2260 1763 2325 ad
1827 2259 1970 2326 loca
2037 2265 2105 2324 et
2169 2260 2486 2325 beneficia
2553 2260 2760 2345 ipsius

651 2362 884 2426 domus
971 2363 1316 2427 humiliter
1380 2362 1699 2447 petierint
1771 2362 1852 2426 de
1929 2382 2102 2426 novo
2167 2360 2450 2436 admitti,
2521 2382 2612 2437 ea,
2675 2382 2760 2425 ex

660 2463 927 2545 speciali
970 2464 1203 2548 gratia,
1234 2464 1585 2549 praemissis
1630 2483 1768 2526 non
1811 2462 2244 2538 obstantibus,
2291 2460 2416 2524 sibi
2447 2465 2761 2545 poterunt

654 2562 936 2640 concedi,
984 2564 1040 2627 si
1092 2563 1218 2629 hoc
1261 2563 1574 2648 magistro
1636 2567 1705 2627 et
1748 2562 2153 2627 scholaribus
2211 2562 2519 2626 videatur
2563 2582 2759 2647 expe-

652 2662 854 2729 diens.
944 2663 1114 2729 Volo
1182 2665 1383 2747 etiam
1451 2665 1628 2749 quod
1693 2665 1864 2749 [per]
1928 2685 2150 2749 preces
2195 2663 2305 2727 vel
2347 2662 2572 2729 literas
2638 2664 2760 2729 ali-

650 2766 839 2849 cujus
885 2767 1137 2832 domini
1182 2768 1405 2831 nullus
1451 2767 1524 2830 in
1568 2766 1816 2831 socium
1861 2766 2194 2850 praedictae
2241 2766 2474 2829 domus
2517 2766 2757 2831 admit-

657 2872 858 2945 tatur,
904 2889 1027 2933 nec
1068 2868 1297 2954 pensio
1344 2867 1540 2933 alicui
1585 2889 1703 2952 per
1766 2888 1989 2953 preces
2031 2867 2142 2931 vel
2186 2866 2410 2931 literas
2477 2867 2755 2953 alicujus

643 2969 987 3053 magnatis,
1018 2970 1275 3034 ratione
1318 2969 1699 3033 reddituum
1739 2974 2022 3045 tuorum,
2055 2968 2320 3053 penitus
2367 2968 2752 3034 conferatur.

647 3067 1079 3153 Capellanum
1142 3070 1469 3155 siquidem
1513 3070 1587 3134 in
1633 3070 1826 3135 domo
1871 3070 2250 3157 supradicta
2294 3092 2432 3135 esse
2477 3071 2752 3137 decerno
2867 3095 2899 3138 r.
2915 3099 3011 3141 343.

648 3174 718 3233 et
761 3191 989 3235 censeo
1035 3175 1329 3256 tempore
1372 3175 1692 3255 perpetuo
1721 3168 2167 3250 moraturum3
2211 3172 2328 3256 qui
2372 3193 2490 3256 per
2533 3194 2638 3237 me
2685 3178 2754 3237 et

648 3271 939 3337 haeredes
983 3294 1161 3338 meos
1214 3273 1411 3338 dictae
1455 3273 1681 3338 domui
1740 3278 2190 3358 praesentetur,
2240 3279 2309 3338 et
2352 3294 2395 3337 a
2437 3274 2752 3359 magistro

660 3378 730 3437 et
782 3373 987 3451 sociis,
1056 3374 1302 3458 absque
1365 3373 1739 3438 conditione
1803 3373 2044 3458 aliqua,
2111 3374 2523 3452 admittatur,
2591 3374 2750 3438 dum

653 3478 880 3539 tamen
946 3475 1221 3540 idoneus
1266 3475 1483 3556 fuerit,
1532 3480 1601 3539 et
1651 3475 2008 3554 honestus3
2073 3496 2191 3560 pro
2236 3496 2342 3539 me
2403 3480 2472 3539 et
2513 3497 2752 3560 sponsa

642 3596 803 3653 mea,
850 3597 970 3661 pro
1008 3576 1233 3641 anima
1277 3575 1527 3641 domini
1557 3575 1796 3660 Rogeri
1844 3576 1924 3640 de
1972 3574 2356 3653 Somervill',
2386 3598 2506 3661 pro
2550 3597 2747 3641 vene-

640 3675 834 3741 rabili
907 3681 1111 3763 patre,
1206 3676 1471 3742 domino
1544 3676 1842 3754 Ricardo,
1918 3676 2352 3741 Dunolmensi
2429 3677 2746 3765 episcop0‚

641 3776 1013 3842 haeredibus
1058 3778 1237 3856 meis,
1287 3784 1357 3842 et
1398 3777 1799 3863 parentibus,
1845 3800 2100 3844 necnon
2145 3784 2214 3843 et
2256 3778 2450 3844 dietae
2511 3780 2746 3846 domus

640 3878 1179 3956 benefactoribus
1254 3879 1327 3943 in
1411 3884 1805 3966 perpetuum
1895 3881 2414 3959 celebraturum3
2493 3881 2609 3966 qui
2685 3882 2743 3945 si

638 3978 815 4043 inter
880 3979 1203 4044 scholares
1270 3979 1465 4045 dictae
1533 3981 1765 4045 domus
1831 3980 2276 4059 tolerabiliter,
2330 3981 2604 4046 honeste
2673 3987 2742 4047 et

636 4081 945 4158 modeste,
976 4102 1049 4144 se
1076 4082 1365 4166 gesserit,
1410 4103 1489 4147 ac
1533 4082 1709 4147 dicto
1753 4083 2120 4148 ministerio
2151 4082 2503 4168 diligenter
2545 4104 2738 4148 vaca-

630 4181 821 4258 verit,
868 4181 941 4244 in
986 4181 1165 4246 dicta
1209 4183 1401 4247 domo
1444 4204 1563 4268 pro
1608 4204 1727 4247 suo
1771 4188 2105 4268 perpetuo,
2136 4183 2194 4245 si
2236 4182 2538 4260 voluerit,
2585 4204 2735 4248 con-

632 4288 949 4361 versetur,
995 4304 1256 4348 omnem
1301 4284 1534 4348 domus
1580 4284 2073 4360 exhibitionem,
2122 4282 2338 4368 quoad
2367 4283 2621 4349 victum
2667 4290 2738 4349 et

694 4565 713 4597 ¹
748 4564 1060 4629 expendatur
1080 4563 1135 4613 in
1159 4561 1283 4630 orig.
1794 4560 1818 4595 ⁸
1856 4560 1982 4613 This
2004 4562 2146 4612 word
2169 4560 2214 4611 is
2239 4558 2520 4612 indistinct.

695 4644 718 4675 ¹
746 4644 874 4695 This
912 4658 1131 4709 passage
1164 4641 1210 4692 is
1247 4640 1505 4707 evidently
1538 4640 1634 4691 im·

625 4721 833 4787 perfect.
