3592 5817
1386 910 1756 963 APPENDIX.
2498 891 2626 960 573

523 1116 641 1181 per
705 1116 773 1159 se
842 1093 1263 1180 singulariter
1329 1094 1409 1159 de
1471 1099 1705 1159 caetero
1769 1093 2053 1170 insistat,
2122 1093 2240 1158 ubi
2302 1091 2632 1176 temporiS,

524 1195 665 1273 loci,
714 1202 783 1260 et
828 1196 997 1272 cleri,
1061 1196 1519 1281 opportunitas
1573 1195 2014 1280 suffragatum
2075 1194 2204 1271 sed,
2253 1215 2370 1279 pro
2420 1192 2634 1257 divini

526 1296 743 1361 cultus
834 1303 1204 1382 augmentO,
1297 1296 1542 1382 singuli
1634 1296 2001 1360 sacerdotes
2076 1301 2144 1359 et
2219 1295 2635 1360 ecclesiarum

530 1399 833 1475 ministri,
903 1399 1070 1462 illud
1140 1398 1383 1462 Psalmi
1450 1398 2013 1475 recordanteS,—“
2035 1397 2335 1474 Domine,
2431 1397 2635 1461 dilexi

528 1507 560 1534 “
606 1500 902 1565 decorem
934 1501 1163 1565 domus
1208 1500 1395 1577 tuae,'’
1416 1497 1441 1536 ¹
1484 1500 1555 1563 in
1584 1499 1868 1564 ecclesiis
1898 1499 2186 1564 locorum
2217 1500 2333 1565 ubi
2365 1499 2632 1584 degunt,

528 1603 960 1680 conveniant3
1019 1606 1088 1665 et
1152 1601 1379 1665 divina
1425 1600 1649 1678 officia,
1698 1622 1847 1665 cum
1896 1601 2074 1667 omni
2138 1602 2502 1677 devotione,
2569 1605 2638 1664 et

529 1703 739 1766 cordis
814 1703 1157 1787 puritate,-
1200 1702 1397 1766 simul
1462 1706 1818 1788 peragant:
1895 1703 2126 1767 melior
2201 1703 2446 1767 etenim
2538 1709 2639 1767 est

530 1805 821 1889 quinque
869 1805 1277 1869 Psalmorum
1327 1805 1703 1870 decantatio
1752 1826 1905 1869 cum
1953 1806 2164 1870 cordis
2224 1807 2516 1891 puritate
2571 1812 2640 1871 et

528 1905 895 1982 serenitate,
945 1911 1013 1968 et
1076 1905 1406 1990 spirituali
1452 1905 1808 1983 hilaritate,
1859 1928 2056 1990 quam
2117 1907 2282 1972 alias
2335 1908 2637 1972 Psalterii

528 2005 907 2083 modulatio,
956 2005 1314 2070 secundum
1360 2007 1701 2072 canonicas
1746 2009 2128 2072 sanctiones

650 2167 774 2231 III.
823 2167 924 2231 Ut
970 2167 1277 2251 Synodus
1321 2166 1424 2231 bis
1471 2166 1544 2229 in
1588 2189 1763 2232 anno
1809 2167 2146 2246 habeatur,
2195 2177 2265 2234 et
2309 2192 2532 2237 omnes

1176 2267 1487 2332 intersint
1532 2267 1990 2334 Ecclesiastici.

622 2401 705 2464 In
766 2400 1006 2465 honore
1076 2400 1469 2465 cathedralis
1514 2400 1803 2466 ecclesiae
1857 2401 2338 2482 Dunelmensis,
2373 2411 2440 2470 et
2484 2408 2636 2472 sub-

534 2501 823 2565 ditorum
886 2501 1319 2566 {edificatione
1382 2502 1686 2566 devotius
1750 2502 2166 2582 delectantes
2213 2506 2636 2586 decrevimus,

534 2603 709 2687 quod
755 2602 857 2667 bis
905 2603 976 2665 in
1020 2624 1196 2667 anno
1242 2603 1323 2666 de
1370 2608 1623 2680 ovet-ero,
1670 2605 1991 2688 proximis
2037 2607 2346 2672 videlicet
2409 2611 2639 2678 diebus

535 2703 740 2767 Lunae
786 2707 937 2788 post
980 2703 1221 2767 festum
1270 2703 1499 2768 Sancti
1532 2703 1889 2781 Michaelis
1923 2711 1992 2770 et
2039 2706 2308 2773 Octabis
2354 2710 2637 2791 Paschae,

533 2804 823 2888 synodus
870 2805 1061 2869 annis
1092 2804 1369 2890 singulis
1415 2805 1486 2868 in
1516 2806 1696 2870 dicta
1738 2813 1964 2871 nostra
1995 2809 2262 2875 ecclesia
2307 2818 2640 2898 perpetuis

533 2906 937 2990 temporibus
968 2905 1344 2971 celebretur.
1440 2905 1760 2992 Quodque
1790 2929 2013 2973 omnes
2058 2911 2344 2991 abbateS,
2377 2917 2638 3001 prioreS,

533 3006 990 3085 archidiaconi,
1057 3008 1411 3093 praepositi,
1486 3012 1783 3086 rectoreS,
1863 3011 2108 3090 vicarii,
2187 3020 2256 3079 et
2323 3019 2642 3102 capellani

533 3109 937 3196 parochiales
989 3109 1282 3174 civitatis
1329 3115 1398 3174 et
1452 3110 1752 3175 dioecesis
1805 3110 2365 3195 Dunelmensium,
2422 3125 2491 3184 et
2527 3121 2642 3185 alii

536 3213 650 3295 qui
720 3215 1037 3275 tenentur
1104 3210 1357 3294 synodo
1400 3209 1782 3296 hujusmodi
1851 3213 2164 3279 interesse
2229 3218 2308 3282 de
2375 3241 2642 3286 consue-

537 3311 769 3375 tudine
814 3311 921 3375 vel
968 3311 1048 3374 de
1087 3310 1252 3394 jure,
1300 3311 1543 3394 absque
1591 3311 1723 3375 alia
1766 3312 2080 3378 citatione
2129 3339 2244 3380 seu
2290 3324 2642 3403 praemuni-

537 3411 717 3475 tione
786 3411 913 3476 sibi
959 3411 1039 3474 de
1104 3416 1336 3474 caetero
1381 3410 1696 3488 facienda,
1770 3413 2134 3500 [intersint]
2181 3420 2432 3503 synodo
2500 3446 2643 3508 per-

538 3511 885 3590 sonaliter;
945 3511 1073 3574 nisi
1122 3510 1430 3576 canonico
1476 3511 1948 3597 impedimento
2009 3516 2312 3603 impediti
2381 3522 2643 3603 fuerint,

540 3613 621 3676 de
668 3633 798 3697 quo
864 3612 1091 3676 statim
1141 3633 1357 3677 coram
1424 3612 1818 3697 praesidente
1863 3618 2101 3700 synodi
2168 3620 2290 3685 fiat
2333 3623 2532 3704 fides;
2577 3632 2647 3692 et

538 3703 700 3778 tunc
763 3735 880 3799 per
947 3719 1448 3798 procuratorem,
1516 3714 1630 3799 qui
1700 3715 1786 3779 ad
1848 3717 1920 3780 id
1987 3721 2330 3804 specialem
2405 3726 2648 3792 habeat

504 3809 947 3900 potestatem,
1032 3819 1449 3899 compareant
1522 3818 1591 3880 et
1652 3815 1976 3895 intersint,
2041 3820 2502 3892 instructiones
2579 3833 2649 3893 et

540 3922 795 3982 statuta
840 3917 1151 3982 canonica
1214 3916 1525 3994 audituri,
1572 3917 1864 3983 salubria
1907 3922 2162 3988 monita
2208 3930 2275 3988 et
2335 3929 2650 3994 mandata

540 4017 866 4102 recepturi
912 4021 1003 4094 et,
1040 4017 1297 4094 facturi,
1347 4038 1495 4101 quae
1540 4039 1657 4104 per
1717 4041 1826 4084 eos
1872 4025 2267 4089 occurrerint
2333 4028 2646 4095 facienda.

540 4119 867 4182 Absentes
911 4138 1067 4181 vero
1114 4138 1312 4202 poena
1358 4118 1669 4183 canonica
1712 4120 2093 4204 puniantur.

575 4277 687 4342 IV.
734 4276 836 4341 Ut
879 4275 1108 4340 fruitio
1156 4276 1556 4341 decimarum
1600 4299 1737 4343 non
1780 4279 2198 4365 impediatur,
2245 4308 2367 4351 nec
2412 4289 2620 4354 debiti

1236 4377 1653 4444 ecclesiastici
1700 4379 1962 4447 levati0.

635 4512 962 4592 Quoniam
1032 4533 1187 4576 vero
1252 4512 1448 4590 Deus,
1506 4513 1715 4600 Cujus
1777 4522 1878 4581 est
1941 4520 2132 4598 orbis,
2202 4528 2271 4586 et
2343 4526 2653 4592 universa

544 4634 695 4699 quse
762 4612 1073 4678 habitant
1135 4613 1207 4677 in
1276 4635 1366 4691 ec,
1436 4615 1775 4681 deterioris
1845 4619 2239 4687 conditionis
2315 4647 2452 4691 esse
2519 4649 2654 4694 non

1376 4770 1393 4803 ¹
1419 4770 1591 4821 Psalm
1614 4773 1753 4824 xxvi.
1780 4781 1828 4825 8.
