3592 5817
1019 512 1152 577 594
1886 523 2255 608 Arrsunm.

1017 710 1353 775 renunciet
1397 731 1514 796 per
1541 708 1744 774 verba
1788 729 2111 794 expressa.
2139 707 2319 773 omni
2364 707 2607 772 futurae
2652 706 2913 782 actioni,
2956 703 3129 789 juris

1011 810 1294 876 remedio
1367 810 1831 896 cujuscunque,
1907 815 2045 874 tam
2121 809 2436 886 canonici,
2499 829 2699 893 quam
2775 809 3128 874 consuetu-

1011 912 1252 976 dinarii
1315 918 1383 976 et
1447 911 1680 988 civilis,
1726 911 1783 976 si
1829 911 2065 989 forsan,
2112 911 2198 975 ob
2262 932 2382 975 sua
2431 909 2765 994 demerita,
2835 930 2877 973 a
2946 906 3129 971 dicta

1012 1013 1204 1078 domo
1251 1013 1468 1098 ipsum
1536 1013 1685 1097 ejici
1731 1013 2073 1098 contingat
2118 1013 2189 1076 in
2257 1012 2575 1076 futurum.
2667 1009 2713 1074 J
2714 1015 2863 1074 uret
2922 1008 3125 1073 etiam

1013 1136 1236 1180 omnes
1282 1114 1724 1180 ordinationes
1785 1136 1903 1199 per
1946 1136 2073 1192 me,
2122 1135 2243 1198 pro
2288 1112 2586 1198 profectu
2632 1111 2827 1176 dictae
2873 1110 3124 1184 domne,

1015 1221 1083 1280 et
1148 1215 1505 1292 honestate,
1576 1216 1923 1292 ordinatas,
1994 1221 2063 1281 et
2122 1235 2533 1300 quaecunque
2579 1213 2710 1277 alia
2778 1211 3127 1298 privilegia

1016 1317 1212 1382 dictae
1257 1317 1503 1393 domuS,
1550 1321 1873 1400 quantum
1940 1316 2011 1379 in
2073 1337 2149 1380 eo
2212 1315 2414 1378 fuerit
2480 1315 2841 1378 observare.
2930 1311 3122 1385 Item,

1014 1417 1304 1483 habeant
1367 1417 1525 1483 dicti
1594 1417 1915 1483 scholares
1960 1417 2257 1502 qualibet
2328 1417 2435 1480 die
2498 1415 2794 1490 Sabbati,
2856 1413 3123 1484 missam

1015 1541 1166 1586 cum
1233 1527 1392 1586 nota
1454 1521 1534 1586 de
1611 1521 1821 1585 Beata
1882 1520 2172 1606 Virgine,
2250 1519 2515 1604 quando
2582 1518 2781 1582 aliam
2858 1517 3125 1580 missam

1015 1641 1164 1684 cum
1209 1626 1369 1686 nota
1412 1620 1748 1697 celebrare,
1797 1643 1913 1685 seu
1959 1620 2029 1684 in
2075 1620 2346 1685 ecclesia
2391 1619 2749 1716 parochiali
2795 1618 2903 1682 vel
2962 1617 3123 1682 alibi

1013 1721 1084 1784 in
1153 1721 1367 1785 missis
1412 1722 1887 1787 Universitatis
1954 1723 2283 1798 interesse,
2330 1743 2464 1787 non
2534 1726 2901 1786 teneantur.
2996 1719 3123 1784 Cui

1013 1822 1245 1898 missae,
1292 1822 1364 1886 in
1428 1821 1740 1888 honorem
1785 1823 2085 1908 gloriosae
2140 1823 2434 1910 Virginis
2494 1824 2851 1900 celebratae,
2898 1843 3124 1886 omnes

1013 1923 1333 2008 capellani
1378 1923 1732 2001 intrinseci,
1777 1925 1907 1988 nisi
1956 1947 2040 1989 ex
2086 1947 2283 1990 causa
2340 1925 2640 2010 legitima
2684 1925 2934 1990 fuerint
2998 1925 3120 1988 im-

1015 2025 1241 2110 pediti,
1331 2025 1681 2109 caeterique
1757 2025 1915 2090 socii
2007 2026 2201 2091 dictae
2292 2025 2540 2102 domne,
2619 2047 2783 2111 quos
2858 2029 3124 2110 propter

1015 2131 1202 2222 actus
1247 2125 1681 2203 scholasticOS,
1729 2148 1845 2191 seu
1892 2132 2159 2212 propter
2203 2127 2403 2192 aliam
2450 2149 2713 2192 causam
2756 2127 3123 2212 legitimam

1017 2249 1232 2294 coram
1298 2227 1629 2313 magistro,
1677 2228 1784 2292 vel
1848 2227 2063 2296 locum
2140 2228 2281 2313 ejus
2327 2234 2613 2305 tenente,
2691 2229 3123 2314 approbatam

1015 2331 1288 2394 minime
1332 2331 1638 2414 impediri
1683 2331 2047 2416 contigerit,
2095 2331 2409 2396 interesse
2445 2337 2812 2396 teneantur.
2906 2330 3121 2410 Quam

1017 2431 1282 2514 quidem
1314 2431 1578 2495 missam
1617 2431 1992 2516 capellanus
2038 2432 2495 2508 celebraturus
2529 2437 2599 2495 et
2642 2431 2925 2516 quilibet
2952 2431 3135 2494 alius

1019 2529 1393 2614 capellanus
1461 2530 1693 2594 domus
1739 2532 2088 2615 praedictae,
2136 2532 2207 2595 in
2252 2531 2502 2617 capella
2547 2553 2766 2596 eorum
2834 2531 3122 2596 celebra-

1017 2635 1219 2706 turuS,
1289 2651 1407 2716 pro
1481 2653 1586 2696 me
1662 2637 1730 2695 et
1806 2655 2045 2717 sponsa
2118 2655 2277 2710 mea,
2340 2639 2692 2698 teneantur
2750 2631 3128 2717 specialiter

1014 2751 1298 2796 exorare.
1413 2731 1762 2809 Caeterum,
1835 2734 2015 2799 omni
2076 2734 2183 2800 die
2252 2733 2541 2812 Veneris,
2608 2734 2867 2818 quando
2934 2733 3123 2797 illam

1014 2831 1470 2917 Antiphonem
1538 2835 1944 2901 antedictam
1989 2836 2063 2899 in
2108 2836 2287 2901 dicta
2354 2836 2603 2922 capella
2648 2836 2897 2901 cantari
2966 2857 3121 2901 con-

1016 2933 1258 3020 tigerit,
1305 2940 1375 2998 et
1417 2934 1490 2998 in
1551 2936 1783 3020 gratiis
1828 2937 1901 3000 in
1946 2957 2173 3002 mensa
2236 2937 2546 3014 dicendis,
2590 2958 2833 3001 nomen
2898 2958 3119 3000 meum

1015 3041 1085 3100 et
1145 3057 1398 3121 sponsae
1443 3058 1626 3114 meae,
1691 3059 1809 3122 per
1868 3037 2295 3123 capellanum,
2360 3061 2477 3103 seu
2519 3039 2809 3124 aliquem
2873 3039 3121 3104 socium

1015 3135 1209 3200 dictae
1269 3136 1500 3200 domus
1545 3137 1720 3202 inter
1776 3138 2046 3202 nomina
2088 3139 2567 3224 praecipuorum
2611 3139 3121 3216 benefactorum,

1013 3238 1385 3314 recitentur,
1451 3259 1568 3323 pro
1635 3239 1826 3304 nobis
1894 3239 2265 3325 specialiter
2332 3242 2677 3306 exorando
2772 3239 2951 3304 Hlud
2976 3241 3123 3324 -jn-

1013 3358 1207 3421 super
1251 3343 1352 3401 est
1417 3339 1910 3417 attendendum,
1958 3341 2134 3425 quod
2178 3342 2235 3406 si
2280 3341 2460 3407 locus
2525 3340 2957 3406 habitationis
3002 3361 3127 3405 seu

1011 3437 1404 3503 scholarium
1449 3441 1913 3525 praedictorum
1981 3443 2202 3508 studio
2248 3443 2627 3508 vacantium
2680 3443 3120 3529 congregatiO,

1012 3539 1222 3605 causis
1268 3539 1599 3626 aliquibus
1645 3543 2143 3629 emergentibus,
2178 3564 2325 3630 quae
2370 3544 2561 3610 facile
2604 3545 2933 3609 numerari
2978 3565 3123 3609 non

1012 3645 1339 3726 poterunt,
1385 3640 1472 3719 ad
1537 3643 1752 3710 locum
1797 3644 2002 3710 alium
2071 3646 2520 3723 transferatur,
2566 3645 2736 3710 nihil
2802 3649 2895 3711 eis
2940 3667 3120 3712 com-

1013 3743 1211 3820 modi,
1249 3743 1437 3829 juris,
1483 3744 1594 3811 vel
1637 3747 2075 3832 possessionis
2124 3749 2431 3835 depereat
2474 3750 2547 3813 in
2591 3749 2920 3835 praedictis
2967 3751 3121 3813 red-

1015 3845 1435 3923 (111-111113,νώ
1487 3847 1680 3912 rebus
1725 3847 1873 3914 aliis
1919 3850 2045 3914 sibi
2090 3851 2457 3936 assignatis,
2503 3851 2610 3915 vel
2656 3851 2959 3936 deinceps
3024 3873 3123 3915 ex

1015 3948 1128 4031 pia
1214 3947 1561 4032 largitione
1649 3949 1944 4014 fidelium
2021 3950 2448 4038 assignandis,
2526 3952 2641 4016 sed
2719 3952 2935 4017 omnia
3016 3952 3119 4016 eis

1013 4047 1442 4113 nihilominus
1485 4049 1766 4138 integra
1788 4037 2206 4132 remaneant3
2251 4053 2618 4138 durentque
2678 4053 2785 4119 hae
2849 4051 3115 4119 ordina-

1013 4149 1240 4227 tioneS,
1301 4149 1406 4215 hae
1475 4156 1543 4215 et
1609 4151 1756 4216 aliae
1823 4153 1896 4216 in
1942 4159 2272 4240 posterum
2340 4155 2847 4240 promulgandae,
2906 4160 3117 4239 atque

1013 4251 1358 4337 privilegia
1417 4253 1544 4338 ipsi
1613 4253 1837 4319 domui
1906 4276 2221 4334 concessa,
2270 4262 2339 4322 et
2403 4257 2646 4322 futuris
2708 4257 3115 4342 temporibus
