3592 5817
1000 592 1128 655 596
1200 669 1208 676 .
1431 596 1445 620 ·
1690 669 1699 676 .
1867 602 2233 687 APPENDrx.

998 791 1142 877 ejus
1187 789 1641 869 commissas-ic,
1695 794 1838 856 tam
1900 790 1973 854 in
2033 788 2429 856 admissione
2493 809 2693 873 quam
2754 787 3097 853 confirma-

996 893 1178 959 tione
1223 894 1414 960 electi
1474 894 1547 958 in
1589 893 1979 979 magistrum
2041 892 2236 958 dictae
2281 892 2515 958 domus
2561 891 2643 956 de
2688 889 2977 966 Β3111010,
3026 893 3101 954 et

995 997 1416 1082 praestatione
1452 995 1818 1082 juramenti
1883 995 1964 1060 116
2028 991 2357 1060 amotione
2427 993 2721 1078 ejusdem
2778 992 3097 1078 magistri,

995 1099 1068 1162 in
1129 1121 1284 1166 casu
1352 1121 1482 1185 quo
1547 1100 1749 1165 fuerit
1814 1099 2233 1176 amovendae,
2297 1099 2381 1164 de
2446 1097 2688 1183 quibus
2754 1117 2949 1181 supra
3012 1094 3101 1158 fit

996 1203 1262 1278 mentio,
1305 1223 1557 1267 necnon
1603 1207 1672 1267 et
1730 1201 1993 1268 illorum
2062 1222 2225 1286 quos
2284 1199 2625 1286 continget
2668 1199 2821 1284 eligi
2862 1197 2947 1263 ad
2990 1197 3095 1260 in-

893 1333 902 1342 *
998 1303 1364 1368 sistendum
1406 1302 1752 1390 theologiae
1821 1303 2137 1370 facultati.
2230 1301 2380 1388 Ipse
2448 1321 2707 1387 quoque
2760 1300 2934 1385 prior
2974 1319 3099 1364 3611

998 1409 1230 1481 custos,
1305 1425 1457 1470 cum
1532 1404 1709 1470 dicto
1774 1404 2172 1482 cancellari0‚
2248 1402 2356 1468 vel
2424 1402 2567 1487 ejus
2641 1399 3097 1478 commissario,

999 1511 1300 1572 exerceat
1329 1507 1550 1572 omnia
1597 1528 1744 1592 quae
1808 1506 1979 1573 circa
2045 1507 2255 1572 dictos
2318 1505 2556 1571 electos
2618 1503 2866 1569 fuerint
2907 1524 3097 1567 exer-

998 1608 1242 1674 cenda:
1292 1609 1386 1675 sic
1427 1615 1652 1675 autem
1697 1609 1873 1674 idem
1919 1608 2111 1694 prior,
2158 1629 2274 1674 3611
2304 1613 2535 1684 custos,
2583 1628 2719 1672 una
2764 1627 2911 1672 cum
2954 1625 3097 1670 133-

995 1710 1220 1794 gistris
1265 1710 1663 1788 extrinsecis,
1709 1711 1952 1796 quibus
1996 1711 2161 1786 dicti
2206 1731 2322 1775 sex
2352 1709 2691 1786 3611013163,
2723 1709 2833 1773 vel
2872 1707 3094 1793 plures

995 1810 1052 1873 31
1098 1811 1270 1875 bona
1315 1811 1739 1889 excreverint,
1785 1811 2173 1897 praesentari
2218 1811 2476 1888 debent,
2537 1831 2688 1876 cum
2748 1809 3092 1896 eligantur,

994 1909 1256 1996 plenam
1302 1933 1562 1999 quoque
1606 1917 2001 1998 potestatem
2066 1935 2215 1978 cum
2265 1913 2412 1977 31113
2478 1912 2809 1998 magistris
2852 1910 3097 1976 habeat

993 2011 1080 2075 ad
1155 2013 1411 2077 eosdem
1491 2013 1813 2080 scholares
1889 2014 2373 2091 examinandos
2450 2012 2907 2088 admittendos,
2982 2009 3093 2076 vel

995 2112 1197 2178 etiam
1265 2115 1682 2201 repellendOS,
1715 2122 1817 2192 ⁴et
1876 2117 1962 2182 ad
2030 2115 2251 2182 omnia
2316 2116 2448 2182 alia
2504 2114 2869 2180 exercenda
2924 2113 3096 2179 circa
3185 2203 3192 2207 .

996 2215 1271 2294 eosdem,
1319 2238 1466 2302 quae
1512 2218 1683 2285 circa
1725 2218 1888 2284 alios
1949 2217 2271 2284 scholares
2318 2219 2390 2281 in
2434 2217 2663 2283 eadem
2708 2215 2883 2292 {aula
2924 2215 3096 2280 61113-

995 2321 1211 2383 tentes
1262 2341 1380 2405 per
1445 2320 1654 2386 dictos
1713 2320 2060 2407 magistros
2126 2317 2528 2386 extrinsecos
2589 2318 2875 2385 exerceri
2922 2311 3095 2383 'con-

993 2418 1333 2484 sueverint
1352 2492 1359 2497 ,
1375 2413 1668 2507 tempore
1735 2427 2074 2488 retroacto.
2164 2421 2347 2499 V010‚
2409 2422 2692 2506 insuper,
2738 2423 2957 2486 statuo
3024 2424 3093 2483 et

993 2521 1283 2605 dispono,
1332 2523 1508 2606 quod
1570 2523 1860 2609 episcopi
1903 2524 2393 2601 Dunelmenses,
2442 2524 2557 2610 qui
2626 2544 2744 2610 pro
2802 2528 3095 2607 tempore

931 2607 948 2632 '
992 2623 1255 2700 fuerint,
1317 2624 1625 2709 praefatos
1669 2625 2061 2712 magistrum
2108 2630 2179 2690 et
2220 2625 2559 2703 3611013163,
2608 2624 2695 2690 ad
2738 2624 3091 2689 denuncia-

989 2724 1128 2788 tion
1136 2745 1238 2790 em
1284 2725 1444 2791 dicti
1490 2725 1738 2812 prioris,
1787 2748 1903 2792 seu
1972 2727 2260 2794 custodis
2319 2727 2783 2794 monachorum
2840 2725 3094 2790 Dunel-

991 2826 1332 2905 mensium,
1376 2827 1464 2893 ad
1523 2827 2010 2894 observantiam
2077 2830 2577 2915 praemissorum,
2647 2829 2863 2915 quoad
2931 2827 3094 2894 elec·

990 2928 1239 2993 tionem
1283 2951 1401 2994 sex
1454 2929 1847 2996 scholarium
1892 2935 1961 2996 et
2020 2930 2355 3017 capellani,
2402 2931 2657 2997 ratione
2716 2930 3093 2996 reddituum

991 3049 1108 3118 per
1169 3053 1273 3097 me
1335 3031 1726 3100 collatorum
1785 3033 1871 3120 311
1934 3053 2235 3119 praesenS,
2283 3053 2538 3099 necnon
2600 3032 2689 3098 ad
2746 3053 3095 3097 numerum

991 3135 1416 3212 studentium,
1463 3131 1536 3199 in
1581 3155 1736 3201 casu
1780 3134 2235 3201 excrescentiae
2294 3134 2677 3200 reddituum
2722 3134 3094 3211 eorundem,

990 3258 1138 3302 cum
1185 3237 1556 3315 acciderint,
1601 3242 1681 3302 ut
1739 3237 2184 3323 praemittitur,
2230 3233 2701 3322 ampliandum,
2751 3257 2829 3303 ac
2876 3235 3097 3322 quoad

891 3419 916 3428 „
988 3337 1210 3403 omnia
1254 3337 1386 3402 3113
1429 3342 1498 3402 61,
1543 3337 1803 3423 singula
1846 3338 2143 3422 superius
2182 3343 2573 3424 expressata,
2608 3398 2614 3401 .
2621 3337 2874 3423 possint
2918 3355 3097 3401 com-

988 3439 1224 3523 pellere
1271 3439 1400 3502 viis
1446 3442 1515 3503 et
1559 3439 1771 3506 modis
1839 3439 2180 3518 canonicis,
2228 3445 2427 3530 prout
2480 3440 2607 3505 sibi
2651 3440 2861 3527 magis
2904 3439 3094 3505 vide-

987 3538 1170 3603 bitur
1231 3540 1552 3625 expedire.
1645 3541 1730 3605 In
1798 3563 2075 3627 quorum
2146 3543 2440 3607 omnium
2502 3540 2955 3608 testimonium
3022 3547 3099 3606 et

987 3644 1372 3726 perpetuam
1439 3640 1838 3720 firmitatem,
1886 3642 2018 3708 tria
2068 3641 2512 3709 instrumenta
2576 3644 2822 3709 tenoris
2880 3643 3097 3708 consi-

987 3741 1162 3807 milis
1226 3746 1386 3807 sunt
1428 3742 1760 3809 confecta:
1808 3765 2086 3828 quorum
2150 3745 2421 3812 cullibet
2481 3744 2699 3831 sigilla
2749 3745 3097 3810 reverendi

989 3845 1196 3929 patris
1242 3844 1493 3910 domini
1523 3845 1805 3923 Ricardi‚
1843 3845 1972 3911 Dei
2014 3846 2245 3934 gratia,
2278 3845 2742 3912 Dunelmensis
2787 3847 3093 3932 episcopi,

985 3945 1435 4032 religiosorum
1499 3947 1791 4013 virorum
1875 3949 2287 4013 dominorum
2363 3948 2597 4034 prioris
2673 3953 2743 4012 et
2814 3947 3095 4034 capituli

987 4046 1374 4125 Dunelmiae,
1405 4048 1801 4113 venerabilis
1846 4048 1993 4127 viri,
2044 4049 2296 4114 domini
2340 4049 2709 4116 cancellarii
2745 4049 3093 4114 Universi-

985 4150 1146 4214 tatis
1193 4150 1486 4229 Oxoniae,
1519 4157 1590 4216 et
1619 4151 1921 4238 magistri
1953 4157 2022 4217 et
2051 4151 2443 4220 scholarium
2474 4151 2667 4218 Aulae
2699 4153 2779 4218 de
2808 4149 3091 4218 Balliolo

985 4252 1461 4337 praedictorum,
1507 4275 1643 4320 una
1687 4275 1837 4320 cum
1907 4253 2120 4341 sigillo
2186 4276 2346 4333 mco,
2394 4254 2679 4341 appendi
2724 4253 3087 4339 procuravi.

986 4354 1279 4433 Quorum
1348 4355 1548 4421 etiam
1640 4356 2230 4423 instrumentorum
2328 4377 2536 4422 unum
2615 4377 2814 4443 penes
2876 4355 3091 4424 dictos
