<?xml version="1.0" encoding="UTF-8"?>
<!DOCTYPE html PUBLIC "-//W3C//DTD XHTML 1.0 Transitional//EN"
    "http://www.w3.org/TR/xhtml1/DTD/xhtml1-transitional.dtd">
<html xmlns="http://www.w3.org/1999/xhtml" xml:lang="en" lang="en">
 <head>
  <title>
</title>
<meta http-equiv="Content-Type" content="text/html;charset=utf-8" />
  <meta name='ocr-system' content='tesseract 3.04.00' />
  <meta name='ocr-capabilities' content='ocr_page ocr_carea ocr_par ocr_line ocrx_word'/>
</head>
<body>
  <div class='ocr_page' id='page_1' title='image "./registrumpalati00unkngoog_0451.png"; bbox 0 0 3592 5817; ppageno 0'>
   <div class='ocr_carea' id='block_1_1' title="bbox 914 854 2653 948">
    <p class='ocr_par' dir='ltr' id='par_1_1' title="bbox 914 854 2653 948">
     <span class='ocr_line' id='line_1_1' title="bbox 914 854 2653 948; baseline 0 -28"><span class='ocrx_word' id='word_1_1' title='bbox 914 854 1040 948; x_wconf 70' lang='lat'><strong>256</strong></span> <span class='ocrx_word' id='word_1_2' title='bbox 1267 867 1662 920; x_wconf 77' lang='lat' dir='ltr'><strong>REGISTRUM</strong></span> <span class='ocrx_word' id='word_1_3' title='bbox 1709 868 2115 920; x_wconf 59' lang='lat' dir='ltr'><strong>mam-rmum</strong></span> <span class='ocrx_word' id='word_1_4' title='bbox 2164 869 2653 920; x_wconf 74' lang='lat' dir='ltr'><strong>DUNELMENSE.</strong></span> 
     </span>
    </p>
   </div>
   <div class='ocr_carea' id='block_1_2' title="bbox 613 1058 3009 1147">
    <p class='ocr_par' dir='ltr' id='par_1_2' title="bbox 613 1058 3009 1147">
     <span class='ocr_line' id='line_1_2' title="bbox 613 1058 3009 1147; baseline 0.001 -24"><span class='ocrx_word' id='word_1_5' title='bbox 613 1069 733 1123; x_wconf 67' lang='lat' dir='ltr'><strong>An</strong></span> <span class='ocrx_word' id='word_1_6' title='bbox 755 1071 869 1116; x_wconf 76' lang='lat'>1³4⁰.</span> <span class='ocrx_word' id='word_1_7' title='bbox 913 1058 1204 1145; x_wconf 81' lang='lat' dir='ltr'><strong>quietem</strong></span> <span class='ocrx_word' id='word_1_8' title='bbox 1233 1058 1542 1145; x_wconf 86' lang='lat' dir='ltr'><strong>expedire</strong></span> <span class='ocrx_word' id='word_1_9' title='bbox 1570 1059 1879 1138; x_wconf 86' lang='lat' dir='ltr'><strong>viderint,</strong></span> <span class='ocrx_word' id='word_1_10' title='bbox 1902 1059 2107 1145; x_wconf 85' lang='lat' dir='ltr'><strong>juxta</strong></span> <span class='ocrx_word' id='word_1_11' title='bbox 2134 1063 2348 1127; x_wconf 85' lang='lat' dir='ltr'><strong>ratam</strong></span> <span class='ocrx_word' id='word_1_12' title='bbox 2377 1059 2698 1146; x_wconf 88' lang='lat' dir='ltr'><strong>portionis</strong></span> <span class='ocrx_word' id='word_1_13' title='bbox 2728 1061 3009 1147; x_wconf 75' lang='lat' dir='ltr'><strong>quintae-</strong></span> 
     </span>
    </p>
   </div>
   <div class='ocr_carea' id='block_1_3' title="bbox 834 1162 3007 4810">
    <p class='ocr_par' dir='ltr' id='par_1_3' title="bbox 834 1162 3007 4810">
     <span class='ocr_line' id='line_1_3' title="bbox 915 1162 3007 1254; baseline 0.001 -28"><span class='ocrx_word' id='word_1_14' title='bbox 915 1162 1182 1254; x_wconf 75' lang='lat' dir='ltr'><strong>decimae</strong></span> <span class='ocrx_word' id='word_1_15' title='bbox 1227 1162 1574 1247; x_wconf 84' lang='lat' dir='ltr'><strong>praedictae,</strong></span> <span class='ocrx_word' id='word_1_16' title='bbox 1622 1184 1817 1249; x_wconf 86' lang='lat' dir='ltr'><strong>super</strong></span> <span class='ocrx_word' id='word_1_17' title='bbox 1883 1163 2143 1228; x_wconf 92' lang='lat' dir='ltr'><strong>eosdem</strong></span> <span class='ocrx_word' id='word_1_18' title='bbox 2204 1183 2486 1230; x_wconf 84' lang='lat' dir='ltr'><strong>assessae.</strong></span> <span class='ocrx_word' id='word_1_19' title='bbox 2582 1163 2671 1230; x_wconf 89' lang='lat' dir='ltr'><strong>Et</strong></span> <span class='ocrx_word' id='word_1_20' title='bbox 2730 1185 2851 1229; x_wconf 89' lang='lat' dir='ltr'><strong>nos</strong></span> <span class='ocrx_word' id='word_1_21' title='bbox 2892 1163 3007 1228; x_wconf 81' lang='lat' dir='ltr'><strong>ad-</strong></span> 
     </span>
     <span class='ocr_line' id='line_1_4' title="bbox 911 1265 3007 1350; baseline 0 -21"><span class='ocrx_word' id='word_1_22' title='bbox 911 1269 1260 1350; x_wconf 65' lang='lat' dir='ltr'><strong>vertentes,</strong></span> <span class='ocrx_word' id='word_1_23' title='bbox 1307 1265 1484 1348; x_wconf 91' lang='lat' dir='ltr'><strong>quod</strong></span> <span class='ocrx_word' id='word_1_24' title='bbox 1549 1265 1677 1328; x_wconf 89' lang='lat' dir='ltr'><strong>nisi</strong></span> <span class='ocrx_word' id='word_1_25' title='bbox 1747 1265 2085 1350; x_wconf 87' lang='lat' dir='ltr'><strong>praemissa</strong></span> <span class='ocrx_word' id='word_1_26' title='bbox 2128 1266 2505 1332; x_wconf 77' lang='lat' dir='ltr'><strong>executioni</strong></span> <span class='ocrx_word' id='word_1_27' title='bbox 2578 1266 2852 1332; x_wconf 87' lang='lat' dir='ltr'><strong>celerius</strong></span> <span class='ocrx_word' id='word_1_28' title='bbox 2892 1266 3007 1334; x_wconf 80' lang='lat' dir='ltr'><strong>de-</strong></span> 
     </span>
     <span class='ocr_line' id='line_1_5' title="bbox 909 1367 3005 1452; baseline 0 -21"><span class='ocrx_word' id='word_1_29' title='bbox 909 1367 1321 1443; x_wconf 77' lang='lat' dir='ltr'><strong>mandentur,</strong></span> <span class='ocrx_word' id='word_1_30' title='bbox 1390 1367 1531 1452; x_wconf 87' lang='lat' dir='ltr'><strong>jam</strong></span> <span class='ocrx_word' id='word_1_31' title='bbox 1599 1367 1805 1444; x_wconf 91' lang='lat' dir='ltr'><strong>nobis,</strong></span> <span class='ocrx_word' id='word_1_32' title='bbox 1870 1373 1939 1432; x_wconf 91' lang='lat' dir='ltr'><strong>et</strong></span> <span class='ocrx_word' id='word_1_33' title='bbox 2000 1367 2305 1432; x_wconf 85' lang='lat' dir='ltr'><strong>fidelibus</strong></span> <span class='ocrx_word' id='word_1_34' title='bbox 2358 1368 2599 1434; x_wconf 87' lang='lat' dir='ltr'><strong>nostris</strong></span> <span class='ocrx_word' id='word_1_35' title='bbox 2666 1368 3005 1434; x_wconf 85' lang='lat' dir='ltr'><strong>nobiscum</strong></span> 
     </span>
     <span class='ocr_line' id='line_1_6' title="bbox 905 1469 3003 1556; baseline 0.002 -22"><span class='ocrx_word' id='word_1_36' title='bbox 905 1469 1380 1546; x_wconf 84' lang='lat' dir='ltr'><strong>assistentibus,</strong></span> <span class='ocrx_word' id='word_1_37' title='bbox 1427 1470 1683 1554; x_wconf 90' lang='lat' dir='ltr'><strong>totique</strong></span> <span class='ocrx_word' id='word_1_38' title='bbox 1727 1491 1929 1556; x_wconf 86' lang='lat' dir='ltr'><strong>regno</strong></span> <span class='ocrx_word' id='word_1_39' title='bbox 1975 1477 2043 1535; x_wconf 89' lang='lat' dir='ltr'><strong>et</strong></span> <span class='ocrx_word' id='word_1_40' title='bbox 2073 1471 2359 1536; x_wconf 85' lang='lat' dir='ltr'><strong>ecclesiae</strong></span> <span class='ocrx_word' id='word_1_41' title='bbox 2404 1469 2814 1556; x_wconf 70' lang='lat' dir='ltr'><strong>supradIctiS‚</strong></span> <span class='ocrx_word' id='word_1_42' title='bbox 2861 1491 3003 1556; x_wconf 80' lang='lat' dir='ltr'><strong>pos-</strong></span> 
     </span>
     <span class='ocr_line' id='line_1_7' title="bbox 907 1571 3004 1659; baseline 0.002 -25"><span class='ocrx_word' id='word_1_43' title='bbox 907 1572 1058 1648; x_wconf 87' lang='lat' dir='ltr'><strong>sint,</strong></span> <span class='ocrx_word' id='word_1_44' title='bbox 1105 1571 1282 1656; x_wconf 92' lang='lat' dir='ltr'><strong>quod</strong></span> <span class='ocrx_word' id='word_1_45' title='bbox 1325 1571 1516 1648; x_wconf 83' lang='lat' dir='ltr'><strong>absit,</strong></span> <span class='ocrx_word' id='word_1_46' title='bbox 1547 1571 1791 1638; x_wconf 86' lang='lat' dir='ltr'><strong>damna</strong></span> <span class='ocrx_word' id='word_1_47' title='bbox 1832 1573 2285 1657; x_wconf 85' lang='lat' dir='ltr'><strong>irreparabilia</strong></span> <span class='ocrx_word' id='word_1_48' title='bbox 2328 1577 2398 1638; x_wconf 93' lang='lat' dir='ltr'><strong>et</strong></span> <span class='ocrx_word' id='word_1_49' title='bbox 2441 1573 2735 1659; x_wconf 83' lang='lat' dir='ltr'><strong>pericula</strong></span> <span class='ocrx_word' id='word_1_50' title='bbox 2776 1572 3004 1658; x_wconf 85' lang='lat' dir='ltr'><strong>gravia</strong></span> 
     </span>
     <span class='ocr_line' id='line_1_8' title="bbox 907 1672 3002 1759; baseline 0 -21"><span class='ocrx_word' id='word_1_51' title='bbox 907 1674 1184 1750; x_wconf 83' lang='lat' dir='ltr'><strong>evenire,</strong></span> <span class='ocrx_word' id='word_1_52' title='bbox 1217 1672 1640 1759; x_wconf 84' lang='lat' dir='ltr'><strong>volentesque</strong></span> <span class='ocrx_word' id='word_1_53' title='bbox 1685 1675 1797 1751; x_wconf 87' lang='lat' dir='ltr'><strong>eis,</strong></span> <span class='ocrx_word' id='word_1_54' title='bbox 1844 1681 2169 1759; x_wconf 75' lang='lat' dir='ltr'><strong>quatenus</strong></span> <span class='ocrx_word' id='word_1_55' title='bbox 2214 1675 2590 1759; x_wconf 88' lang='lat' dir='ltr'><strong>poterimus,</strong></span> <span class='ocrx_word' id='word_1_56' title='bbox 2622 1695 3002 1759; x_wconf 68' lang='lat' dir='ltr'><strong>praecavere,</strong></span> 
     </span>
     <span class='ocr_line' id='line_1_9' title="bbox 907 1776 3003 1862; baseline 0 -22"><span class='ocrx_word' id='word_1_57' title='bbox 907 1780 976 1840; x_wconf 90' lang='lat' dir='ltr'><strong>et</strong></span> <span class='ocrx_word' id='word_1_58' title='bbox 1017 1776 1358 1862; x_wconf 72' lang='lat' dir='ltr'><strong>negotium</strong></span> <span class='ocrx_word' id='word_1_59' title='bbox 1403 1776 1793 1861; x_wconf 87' lang='lat' dir='ltr'><strong>praedictum</strong></span> <span class='ocrx_word' id='word_1_60' title='bbox 1840 1776 2225 1861; x_wconf 87' lang='lat' dir='ltr'><strong>diligentius</strong></span> <span class='ocrx_word' id='word_1_61' title='bbox 2270 1777 2606 1854; x_wconf 85' lang='lat' dir='ltr'><strong>maturari,</strong></span> <span class='ocrx_word' id='word_1_62' title='bbox 2638 1776 3003 1862; x_wconf 81' lang='lat' dir='ltr'><strong>assignavi-</strong></span> 
     </span>
     <span class='ocr_line' id='line_1_10' title="bbox 905 1880 3003 1968; baseline 0 -22"><span class='ocrx_word' id='word_1_63' title='bbox 905 1903 1052 1946; x_wconf 92' lang='lat' dir='ltr'><strong>mus</strong></span> <span class='ocrx_word' id='word_1_64' title='bbox 1095 1887 1305 1947; x_wconf 87' lang='lat' dir='ltr'><strong>certos</strong></span> <span class='ocrx_word' id='word_1_65' title='bbox 1336 1880 1560 1947; x_wconf 89' lang='lat' dir='ltr'><strong>fideles</strong></span> <span class='ocrx_word' id='word_1_66' title='bbox 1604 1887 1861 1946; x_wconf 85' lang='lat' dir='ltr'><strong>nostros</strong></span> <span class='ocrx_word' id='word_1_67' title='bbox 1906 1882 1979 1946; x_wconf 89' lang='lat' dir='ltr'><strong>in</strong></span> <span class='ocrx_word' id='word_1_68' title='bbox 2023 1881 2301 1967; x_wconf 87' lang='lat' dir='ltr'><strong>singulis</strong></span> <span class='ocrx_word' id='word_1_69' title='bbox 2348 1882 2771 1947; x_wconf 88' lang='lat' dir='ltr'><strong>comitatibus</strong></span> <span class='ocrx_word' id='word_1_70' title='bbox 2822 1883 3003 1968; x_wconf 88' lang='lat' dir='ltr'><strong>regni</strong></span> 
     </span>
     <span class='ocr_line' id='line_1_11' title="bbox 903 1983 2999 2070; baseline 0.001 -23"><span class='ocrx_word' id='word_1_71' title='bbox 903 1984 1128 2060; x_wconf 78' lang='lat' dir='ltr'><strong>nostri,</strong></span> <span class='ocrx_word' id='word_1_72' title='bbox 1152 1983 1238 2048; x_wconf 87' lang='lat' dir='ltr'><strong>ad</strong></span> <span class='ocrx_word' id='word_1_73' title='bbox 1261 1984 1835 2069; x_wconf 78' lang='lat' dir='ltr'><strong>supervidendum,</strong></span> <span class='ocrx_word' id='word_1_74' title='bbox 1860 1985 2036 2069; x_wconf 91' lang='lat' dir='ltr'><strong>quod</strong></span> <span class='ocrx_word' id='word_1_75' title='bbox 2060 2005 2285 2070; x_wconf 87' lang='lat' dir='ltr'><strong>omnes</strong></span> <span class='ocrx_word' id='word_1_76' title='bbox 2316 1991 2386 2048; x_wconf 88' lang='lat' dir='ltr'><strong>et</strong></span> <span class='ocrx_word' id='word_1_77' title='bbox 2414 1983 2657 2070; x_wconf 76' lang='lat' dir='ltr'><strong>singuli</strong></span> <span class='ocrx_word' id='word_1_78' title='bbox 2684 1985 2999 2062; x_wconf 71' lang='lat' dir='ltr'><strong>civitatee,</strong></span> 
     </span>
     <span class='ocr_line' id='line_1_12' title="bbox 905 2085 2997 2172; baseline 0.001 -23"><span class='ocrx_word' id='word_1_79' title='bbox 905 2085 1112 2170; x_wconf 87' lang='lat' dir='ltr'><strong>burgi,</strong></span> <span class='ocrx_word' id='word_1_80' title='bbox 1161 2085 1356 2163; x_wconf 83' lang='lat' dir='ltr'><strong>villae,</strong></span> <span class='ocrx_word' id='word_1_81' title='bbox 1404 2091 1474 2150; x_wconf 89' lang='lat' dir='ltr'><strong>et</strong></span> <span class='ocrx_word' id='word_1_82' title='bbox 1517 2086 1661 2152; x_wconf 87' lang='lat' dir='ltr'><strong>loca</strong></span> <span class='ocrx_word' id='word_1_83' title='bbox 1703 2087 1852 2163; x_wconf 87' lang='lat' dir='ltr'><strong>alia,</strong></span> <span class='ocrx_word' id='word_1_84' title='bbox 1898 2107 1975 2152; x_wconf 90' lang='lat' dir='ltr'><strong>ac</strong></span> <span class='ocrx_word' id='word_1_85' title='bbox 2025 2106 2435 2172; x_wconf 69' lang='lat' dir='ltr'><strong>quaecunque</strong></span> <span class='ocrx_word' id='word_1_86' title='bbox 2496 2087 2643 2153; x_wconf 85' lang='lat' dir='ltr'><strong>aliae</strong></span> <span class='ocrx_word' id='word_1_87' title='bbox 2690 2108 2997 2172; x_wconf 85' lang='lat' dir='ltr'><strong>personae,</strong></span> 
     </span>
     <span class='ocr_line' id='line_1_13' title="bbox 905 2187 3001 2274; baseline 0 -22"><span class='ocrx_word' id='word_1_88' title='bbox 905 2187 1046 2252; x_wconf 90' lang='lat' dir='ltr'><strong>sive</strong></span> <span class='ocrx_word' id='word_1_89' title='bbox 1119 2187 1367 2253; x_wconf 88' lang='lat' dir='ltr'><strong>fuerint</strong></span> <span class='ocrx_word' id='word_1_90' title='bbox 1431 2189 1706 2274; x_wconf 84' lang='lat' dir='ltr'><strong>praelati,</strong></span> <span class='ocrx_word' id='word_1_91' title='bbox 1771 2189 2059 2265; x_wconf 85' lang='lat' dir='ltr'><strong>abbates,</strong></span> <span class='ocrx_word' id='word_1_92' title='bbox 2130 2191 2393 2274; x_wconf 75' lang='lat' dir='ltr'><strong>prioreS,</strong></span> <span class='ocrx_word' id='word_1_93' title='bbox 2462 2195 2819 2274; x_wconf 85' lang='lat' dir='ltr'><strong>magnates,</strong></span> <span class='ocrx_word' id='word_1_94' title='bbox 2896 2190 3001 2254; x_wconf 88' lang='lat' dir='ltr'><strong>vel</strong></span> 
     </span>
     <span class='ocr_line' id='line_1_14' title="bbox 905 2277 2999 2376; baseline 0.001 -22"><span class='ocrx_word' id='word_1_95' title='bbox 905 2290 1154 2354; x_wconf 86' lang='lat' dir='ltr'><strong>domini</strong></span> <span class='ocrx_word' id='word_1_96' title='bbox 1201 2290 1524 2368; x_wconf 87' lang='lat' dir='ltr'><strong>villarum,</strong></span> <span class='ocrx_word' id='word_1_97' title='bbox 1573 2297 1694 2357; x_wconf 87' lang='lat' dir='ltr'><strong>aut</strong></span> <span class='ocrx_word' id='word_1_98' title='bbox 1738 2297 2143 2369; x_wconf 88' lang='lat' dir='ltr'><strong>mercatores,</strong></span> <span class='ocrx_word' id='word_1_99' title='bbox 2190 2313 2305 2357; x_wconf 88' lang='lat' dir='ltr'><strong>seu</strong></span> <span class='ocrx_word' id='word_1_100' title='bbox 2351 2277 2797 2376; x_wconf 80' lang='lat' dir='ltr'><strong>cujuscun&#39;que</strong></span> <span class='ocrx_word' id='word_1_101' title='bbox 2840 2291 2999 2357; x_wconf 87' lang='lat' dir='ltr'><strong>alte-</strong></span> 
     </span>
     <span class='ocr_line' id='line_1_15' title="bbox 905 2393 2999 2479; baseline 0.001 -23"><span class='ocrx_word' id='word_1_102' title='bbox 905 2393 1042 2456; x_wconf 89' lang='lat' dir='ltr'><strong>rius</strong></span> <span class='ocrx_word' id='word_1_103' title='bbox 1117 2395 1512 2459; x_wconf 84' lang='lat' dir='ltr'><strong>conditionis</strong></span> <span class='ocrx_word' id='word_1_104' title='bbox 1576 2394 1684 2458; x_wconf 91' lang='lat' dir='ltr'><strong>vel</strong></span> <span class='ocrx_word' id='word_1_105' title='bbox 1759 2400 1990 2472; x_wconf 87' lang='lat' dir='ltr'><strong>status,</strong></span> <span class='ocrx_word' id='word_1_106' title='bbox 2068 2395 2209 2458; x_wconf 89' lang='lat' dir='ltr'><strong>sive</strong></span> <span class='ocrx_word' id='word_1_107' title='bbox 2269 2395 2453 2479; x_wconf 85' lang='lat' dir='ltr'><strong>prius</strong></span> <span class='ocrx_word' id='word_1_108' title='bbox 2527 2395 2611 2458; x_wconf 87' lang='lat' dir='ltr'><strong>ad</strong></span> <span class='ocrx_word' id='word_1_109' title='bbox 2672 2394 2999 2478; x_wconf 86' lang='lat' dir='ltr'><strong>quintam-</strong></span> 
     </span>
     <span class='ocr_line' id='line_1_16' title="bbox 907 2495 2999 2574; baseline 0 -14"><span class='ocrx_word' id='word_1_110' title='bbox 907 2495 1224 2564; x_wconf 82' lang='lat' dir='ltr'><strong>decimam</strong></span> <span class='ocrx_word' id='word_1_111' title='bbox 1299 2498 1529 2562; x_wconf 80' lang='lat' dir='ltr'><strong>assessi</strong></span> <span class='ocrx_word' id='word_1_112' title='bbox 1599 2497 1966 2574; x_wconf 80' lang='lat' dir='ltr'><strong>extiterint,</strong></span> <span class='ocrx_word' id='word_1_113' title='bbox 2012 2497 2153 2561; x_wconf 86' lang='lat' dir='ltr'><strong>sive</strong></span> <span class='ocrx_word' id='word_1_114' title='bbox 2222 2517 2371 2574; x_wconf 89' lang='lat' dir='ltr'><strong>non,</strong></span> <span class='ocrx_word' id='word_1_115' title='bbox 2442 2497 2513 2559; x_wconf 93' lang='lat' dir='ltr'><strong>in</strong></span> <span class='ocrx_word' id='word_1_116' title='bbox 2580 2496 2999 2562; x_wconf 86' lang='lat' dir='ltr'><strong>eomitatibus</strong></span> 
     </span>
     <span class='ocr_line' id='line_1_17' title="bbox 903 2596 3003 2683; baseline -0.001 -19"><span class='ocrx_word' id='word_1_117' title='bbox 903 2599 1250 2683; x_wconf 73' lang='lat' dir='ltr'><strong>praedictis,</strong></span> <span class='ocrx_word' id='word_1_118' title='bbox 1299 2603 1441 2669; x_wconf 86' lang='lat' dir='ltr'><strong>tam</strong></span> <span class='ocrx_word' id='word_1_119' title='bbox 1483 2598 1655 2664; x_wconf 77' lang='lat' dir='ltr'><strong>infra</strong></span> <span class='ocrx_word' id='word_1_120' title='bbox 1699 2597 2037 2662; x_wconf 79' lang='lat' dir='ltr'><strong>libertates</strong></span> <span class='ocrx_word' id='word_1_121' title='bbox 2067 2618 2263 2682; x_wconf 85' lang='lat' dir='ltr'><strong>quam</strong></span> <span class='ocrx_word' id='word_1_122' title='bbox 2309 2601 2515 2674; x_wconf 84' lang='lat' dir='ltr'><strong>extra,</strong></span> <span class='ocrx_word' id='word_1_123' title='bbox 2549 2596 2753 2681; x_wconf 83' lang='lat' dir='ltr'><strong>juxta</strong></span> <span class='ocrx_word' id='word_1_124' title='bbox 2794 2601 3003 2662; x_wconf 74' lang='lat' dir='ltr'><strong>ratam</strong></span> 
     </span>
     <span class='ocr_line' id='line_1_18' title="bbox 905 2695 3001 2783; baseline -0.002 -21"><span class='ocrx_word' id='word_1_125' title='bbox 905 2699 1224 2783; x_wconf 87' lang='lat' dir='ltr'><strong>portionis</strong></span> <span class='ocrx_word' id='word_1_126' title='bbox 1293 2699 1845 2782; x_wconf 84' lang='lat' dir='ltr'><strong>quintae-decimae</strong></span> <span class='ocrx_word' id='word_1_127' title='bbox 1900 2699 2229 2783; x_wconf 79' lang='lat' dir='ltr'><strong>praedictae</strong></span> <span class='ocrx_word' id='word_1_128' title='bbox 2274 2698 2361 2762; x_wconf 85' lang='lat' dir='ltr'><strong>ad</strong></span> <span class='ocrx_word' id='word_1_129' title='bbox 2406 2698 2613 2764; x_wconf 70' lang='lat' dir='ltr'><strong>dietas</strong></span> <span class='ocrx_word' id='word_1_130' title='bbox 2658 2695 2857 2773; x_wconf 65' lang='lat' dir='ltr'><strong>lanae,</strong></span> <span class='ocrx_word' id='word_1_131' title='bbox 2904 2697 3001 2758; x_wconf 89' lang='lat' dir='ltr'><strong>vi·</strong></span> 
     </span>
     <span class='ocr_line' id='line_1_19' title="bbox 905 2797 2999 2884; baseline 0 -22"><span class='ocrx_word' id='word_1_132' title='bbox 905 2797 1158 2874; x_wconf 86' lang='lat' dir='ltr'><strong>delicet,</strong></span> <span class='ocrx_word' id='word_1_133' title='bbox 1204 2819 1322 2883; x_wconf 83' lang='lat' dir='ltr'><strong>pro</strong></span> <span class='ocrx_word' id='word_1_134' title='bbox 1367 2799 1772 2884; x_wconf 89' lang='lat' dir='ltr'><strong>quibuslibet</strong></span> <span class='ocrx_word' id='word_1_135' title='bbox 1825 2799 2069 2884; x_wconf 86' lang='lat' dir='ltr'><strong>viginti</strong></span> <span class='ocrx_word' id='word_1_136' title='bbox 2114 2798 2339 2863; x_wconf 88' lang='lat' dir='ltr'><strong>solidis</strong></span> <span class='ocrx_word' id='word_1_137' title='bbox 2384 2799 2677 2882; x_wconf 89' lang='lat' dir='ltr'><strong>ejusdem</strong></span> <span class='ocrx_word' id='word_1_138' title='bbox 2724 2799 2999 2883; x_wconf 84' lang='lat' dir='ltr'><strong>quintae-</strong></span> 
     </span>
     <span class='ocr_line' id='line_1_20' title="bbox 905 2899 3000 2986; baseline 0.002 -24"><span class='ocrx_word' id='word_1_139' title='bbox 905 2899 1188 2976; x_wconf 72' lang='lat' dir='ltr'><strong>decimae,</strong></span> <span class='ocrx_word' id='word_1_140' title='bbox 1236 2900 1458 2986; x_wconf 79' lang='lat' dir='ltr'><strong>decem</strong></span> <span class='ocrx_word' id='word_1_141' title='bbox 1505 2907 1723 2986; x_wconf 85' lang='lat' dir='ltr'><strong>petras</strong></span> <span class='ocrx_word' id='word_1_142' title='bbox 1768 2901 1909 2975; x_wconf 83' lang='lat' dir='ltr'><strong>sive</strong></span> <span class='ocrx_word' id='word_1_143' title='bbox 1976 2899 2209 2977; x_wconf 57' lang='lat' dir='ltr'><strong>clavos</strong></span> <span class='ocrx_word' id='word_1_144' title='bbox 2257 2901 2635 2985; x_wconf 89' lang='lat' dir='ltr'><strong>quamlibet,</strong></span> <span class='ocrx_word' id='word_1_145' title='bbox 2682 2901 3000 2978; x_wconf 85' lang='lat' dir='ltr'><strong>videlicet,</strong></span> 
     </span>
     <span class='ocr_line' id='line_1_21' title="bbox 902 3002 3001 3087; baseline 0 -22"><span class='ocrx_word' id='word_1_146' title='bbox 902 3006 1171 3086; x_wconf 89' lang='lat' dir='ltr'><strong>petram,</strong></span> <span class='ocrx_word' id='word_1_147' title='bbox 1203 3023 1320 3065; x_wconf 90' lang='lat' dir='ltr'><strong>seu</strong></span> <span class='ocrx_word' id='word_1_148' title='bbox 1365 3002 1641 3079; x_wconf 86' lang='lat' dir='ltr'><strong>clavum,</strong></span> <span class='ocrx_word' id='word_1_149' title='bbox 1673 3003 1755 3067; x_wconf 90' lang='lat' dir='ltr'><strong>de</strong></span> <span class='ocrx_word' id='word_1_150' title='bbox 1802 3002 2295 3086; x_wconf 86' lang='lat' dir='ltr'><strong>quatuordecim</strong></span> <span class='ocrx_word' id='word_1_151' title='bbox 2340 3003 2541 3080; x_wconf 59' lang='lat' dir='ltr'><strong>libris„</strong></span> <span class='ocrx_word' id='word_1_152' title='bbox 2590 3007 2661 3066; x_wconf 91' lang='lat' dir='ltr'><strong>et</strong></span> <span class='ocrx_word' id='word_1_153' title='bbox 2704 3003 2787 3066; x_wconf 90' lang='lat' dir='ltr'><strong>de</strong></span> <span class='ocrx_word' id='word_1_154' title='bbox 2830 3003 3001 3087; x_wconf 89' lang='lat' dir='ltr'><strong>pluri</strong></span> 
     </span>
     <span class='ocr_line' id='line_1_22' title="bbox 903 3103 2998 3189; baseline 0 -22"><span class='ocrx_word' id='word_1_155' title='bbox 903 3103 1068 3189; x_wconf 77' lang='lat' dir='ltr'><strong>pluS,</strong></span> <span class='ocrx_word' id='word_1_156' title='bbox 1115 3110 1184 3168; x_wconf 87' lang='lat' dir='ltr'><strong>et</strong></span> <span class='ocrx_word' id='word_1_157' title='bbox 1229 3105 1465 3168; x_wconf 82' lang='lat' dir='ltr'><strong>minori</strong></span> <span class='ocrx_word' id='word_1_158' title='bbox 1527 3105 1759 3180; x_wconf 83' lang='lat' dir='ltr'><strong>minus,</strong></span> <span class='ocrx_word' id='word_1_159' title='bbox 1808 3109 1888 3168; x_wconf 89' lang='lat' dir='ltr'><strong>ut</strong></span> <span class='ocrx_word' id='word_1_160' title='bbox 1947 3104 2344 3189; x_wconf 85' lang='lat' dir='ltr'><strong>praedicitur,</strong></span> <span class='ocrx_word' id='word_1_161' title='bbox 2389 3105 2579 3169; x_wconf 90' lang='lat' dir='ltr'><strong>nobis</strong></span> <span class='ocrx_word' id='word_1_162' title='bbox 2640 3104 2998 3181; x_wconf 77' lang='lat' dir='ltr'><strong>solvendas„</strong></span> 
     </span>
     <span class='ocr_line' id='line_1_23' title="bbox 902 3206 2997 3292; baseline -0 -20"><span class='ocrx_word' id='word_1_163' title='bbox 902 3207 1349 3286; x_wconf 83' lang='lat' dir='ltr'><strong>assideantur3</strong></span> <span class='ocrx_word' id='word_1_164' title='bbox 1424 3211 1494 3272; x_wconf 89' lang='lat' dir='ltr'><strong>et</strong></span> <span class='ocrx_word' id='word_1_165' title='bbox 1567 3207 1743 3291; x_wconf 91' lang='lat' dir='ltr'><strong>quod</strong></span> <span class='ocrx_word' id='word_1_166' title='bbox 1834 3207 2003 3271; x_wconf 83' lang='lat' dir='ltr'><strong>lanae</strong></span> <span class='ocrx_word' id='word_1_167' title='bbox 2080 3206 2226 3283; x_wconf 85' lang='lat' dir='ltr'><strong>illae,</strong></span> <span class='ocrx_word' id='word_1_168' title='bbox 2297 3207 2501 3292; x_wconf 82' lang='lat' dir='ltr'><strong>juxta</strong></span> <span class='ocrx_word' id='word_1_169' title='bbox 2578 3207 2997 3272; x_wconf 78' lang='lat' dir='ltr'><strong>assessionem</strong></span> 
     </span>
     <span class='ocr_line' id='line_1_24' title="bbox 900 3307 2999 3393; baseline -0 -21"><span class='ocrx_word' id='word_1_170' title='bbox 900 3308 1294 3393; x_wconf 90' lang='lat' dir='ltr'><strong>hujusmodi,</strong></span> <span class='ocrx_word' id='word_1_171' title='bbox 1341 3309 1426 3372; x_wconf 87' lang='lat' dir='ltr'><strong>ad</strong></span> <span class='ocrx_word' id='word_1_172' title='bbox 1502 3329 1666 3393; x_wconf 90' lang='lat' dir='ltr'><strong>opus</strong></span> <span class='ocrx_word' id='word_1_173' title='bbox 1741 3311 2042 3372; x_wconf 90' lang='lat' dir='ltr'><strong>nostrum</strong></span> <span class='ocrx_word' id='word_1_174' title='bbox 2102 3307 2407 3372; x_wconf 85' lang='lat' dir='ltr'><strong>leventur</strong></span> <span class='ocrx_word' id='word_1_175' title='bbox 2466 3313 2535 3372; x_wconf 89' lang='lat' dir='ltr'><strong>et</strong></span> <span class='ocrx_word' id='word_1_176' title='bbox 2594 3307 2999 3392; x_wconf 83' lang='lat' dir='ltr'><strong>colligantur,</strong></span> 
     </span>
     <span class='ocr_line' id='line_1_25' title="bbox 901 3407 2999 3496; baseline -0.002 -21"><span class='ocrx_word' id='word_1_177' title='bbox 901 3412 1208 3496; x_wconf 90' lang='lat' dir='ltr'><strong>quodque</strong></span> <span class='ocrx_word' id='word_1_178' title='bbox 1259 3409 1504 3474; x_wconf 85' lang='lat' dir='ltr'><strong>eaedem</strong></span> <span class='ocrx_word' id='word_1_179' title='bbox 1557 3409 1728 3472; x_wconf 67' lang='lat' dir='ltr'><strong>lanne</strong></span> <span class='ocrx_word' id='word_1_180' title='bbox 1796 3429 2005 3492; x_wconf 90' lang='lat' dir='ltr'><strong>usque</strong></span> <span class='ocrx_word' id='word_1_181' title='bbox 2068 3407 2418 3492; x_wconf 86' lang='lat' dir='ltr'><strong>capitalem</strong></span> <span class='ocrx_word' id='word_1_182' title='bbox 2485 3407 2825 3472; x_wconf 85' lang='lat' dir='ltr'><strong>civitatem</strong></span> <span class='ocrx_word' id='word_1_183' title='bbox 2886 3429 2999 3471; x_wconf 89' lang='lat' dir='ltr'><strong>seu</strong></span> 
     </span>
     <span class='ocr_line' id='line_1_26' title="bbox 899 3508 3001 3594; baseline -0.002 -18"><span class='ocrx_word' id='word_1_184' title='bbox 899 3513 1104 3576; x_wconf 88' lang='lat' dir='ltr'><strong>alium</strong></span> <span class='ocrx_word' id='word_1_185' title='bbox 1151 3511 1384 3588; x_wconf 90' lang='lat' dir='ltr'><strong>locum,</strong></span> <span class='ocrx_word' id='word_1_186' title='bbox 1416 3511 1490 3574; x_wconf 90' lang='lat' dir='ltr'><strong>in</strong></span> <span class='ocrx_word' id='word_1_187' title='bbox 1535 3509 1776 3574; x_wconf 90' lang='lat' dir='ltr'><strong>eisdem</strong></span> <span class='ocrx_word' id='word_1_188' title='bbox 1810 3509 2247 3584; x_wconf 85' lang='lat' dir='ltr'><strong>comitatibus,</strong></span> <span class='ocrx_word' id='word_1_189' title='bbox 2280 3529 2399 3594; x_wconf 91' lang='lat' dir='ltr'><strong>pro</strong></span> <span class='ocrx_word' id='word_1_190' title='bbox 2440 3508 2735 3574; x_wconf 83' lang='lat' dir='ltr'><strong>utilitate</strong></span> <span class='ocrx_word' id='word_1_191' title='bbox 2778 3513 3001 3574; x_wconf 86' lang='lat' dir='ltr'><strong>nostra</strong></span> 
     </span>
     <span class='ocr_line' id='line_1_27' title="bbox 901 3611 2995 3698; baseline -0.001 -20"><span class='ocrx_word' id='word_1_192' title='bbox 901 3619 968 3678; x_wconf 89' lang='lat' dir='ltr'><strong>et</strong></span> <span class='ocrx_word' id='word_1_193' title='bbox 1013 3613 1430 3698; x_wconf 85' lang='lat' dir='ltr'><strong>expedi-tione</strong></span> <span class='ocrx_word' id='word_1_194' title='bbox 1493 3613 1907 3697; x_wconf 84' lang='lat' dir='ltr'><strong>negotiorum</strong></span> <span class='ocrx_word' id='word_1_195' title='bbox 1970 3616 2359 3688; x_wconf 84' lang='lat' dir='ltr'><strong>nostrorum,</strong></span> <span class='ocrx_word' id='word_1_196' title='bbox 2406 3611 2995 3697; x_wconf 81' lang='lat' dir='ltr'><strong>competentiorem,</strong></span> 
     </span>
     <span class='ocr_line' id='line_1_28' title="bbox 899 3713 2996 3800; baseline -0 -22"><span class='ocrx_word' id='word_1_197' title='bbox 899 3715 1274 3800; x_wconf 89' lang='lat' dir='ltr'><strong>sumptibus</strong></span> <span class='ocrx_word' id='word_1_198' title='bbox 1319 3714 1784 3799; x_wconf 75' lang='lat' dir='ltr'><strong>praedictarum</strong></span> <span class='ocrx_word' id='word_1_199' title='bbox 1831 3714 2200 3790; x_wconf 86' lang='lat' dir='ltr'><strong>civitatum,</strong></span> <span class='ocrx_word' id='word_1_200' title='bbox 2247 3715 2620 3800; x_wconf 87' lang='lat' dir='ltr'><strong>burgorum,</strong></span> <span class='ocrx_word' id='word_1_201' title='bbox 2668 3713 2996 3791; x_wconf 86' lang='lat' dir='ltr'><strong>villarum,</strong></span> 
     </span>
     <span class='ocr_line' id='line_1_29' title="bbox 900 3816 2999 3900; baseline 0 -20"><span class='ocrx_word' id='word_1_202' title='bbox 900 3822 969 3880; x_wconf 87' lang='lat' dir='ltr'><strong>et</strong></span> <span class='ocrx_word' id='word_1_203' title='bbox 1043 3836 1484 3900; x_wconf 87' lang='lat' dir='ltr'><strong>personarum,</strong></span> <span class='ocrx_word' id='word_1_204' title='bbox 1561 3816 1916 3880; x_wconf 89' lang='lat' dir='ltr'><strong>eorundem</strong></span> <span class='ocrx_word' id='word_1_205' title='bbox 1999 3817 2450 3893; x_wconf 87' lang='lat' dir='ltr'><strong>comitatuum,</strong></span> <span class='ocrx_word' id='word_1_206' title='bbox 2528 3816 2859 3880; x_wconf 86' lang='lat' dir='ltr'><strong>ducantur</strong></span> <span class='ocrx_word' id='word_1_207' title='bbox 2932 3822 2999 3880; x_wconf 92' lang='lat' dir='ltr'><strong>et</strong></span> 
     </span>
     <span class='ocr_line' id='line_1_30' title="bbox 834 3903 2999 4001; baseline 0.001 -19"><span class='ocrx_word' id='word_1_208' title='bbox 834 3903 844 3912; x_wconf 69' lang='grc'><em>’</em></span> <span class='ocrx_word' id='word_1_209' title='bbox 899 3916 1243 3993; x_wconf 68' lang='lat' dir='ltr'><strong>earientur,</strong></span> <span class='ocrx_word' id='word_1_210' title='bbox 1321 3917 1814 3984; x_wconf 85' lang='lat' dir='ltr'><strong>vicecomitibus</strong></span> <span class='ocrx_word' id='word_1_211' title='bbox 1890 3917 2325 3982; x_wconf 88' lang='lat' dir='ltr'><strong>comitatuum</strong></span> <span class='ocrx_word' id='word_1_212' title='bbox 2368 3917 2864 4001; x_wconf 69' lang='lat' dir='ltr'><strong>praedictorum,</strong></span> <span class='ocrx_word' id='word_1_213' title='bbox 2932 3925 2999 3984; x_wconf 91' lang='lat' dir='ltr'><strong>et</strong></span> 
     </span>
     <span class='ocr_line' id='line_1_31' title="bbox 897 4016 2998 4104; baseline 0.001 -22"><span class='ocrx_word' id='word_1_214' title='bbox 897 4017 1094 4082; x_wconf 87' lang='lat' dir='ltr'><strong>certis</strong></span> <span class='ocrx_word' id='word_1_215' title='bbox 1139 4016 1442 4082; x_wconf 90' lang='lat' dir='ltr'><strong>fidelibus</strong></span> <span class='ocrx_word' id='word_1_216' title='bbox 1487 4017 1728 4082; x_wconf 88' lang='lat' dir='ltr'><strong>nostris</strong></span> <span class='ocrx_word' id='word_1_217' title='bbox 1772 4017 1859 4082; x_wconf 87' lang='lat' dir='ltr'><strong>ad</strong></span> <span class='ocrx_word' id='word_1_218' title='bbox 1900 4017 2025 4083; x_wconf 90' lang='lat' dir='ltr'><strong>hoc</strong></span> <span class='ocrx_word' id='word_1_219' title='bbox 2069 4018 2421 4104; x_wconf 86' lang='lat' dir='ltr'><strong>deputatis,</strong></span> <span class='ocrx_word' id='word_1_220' title='bbox 2454 4039 2571 4102; x_wconf 87' lang='lat' dir='ltr'><strong>per</strong></span> <span class='ocrx_word' id='word_1_221' title='bbox 2615 4019 2998 4085; x_wconf 77' lang='lat' dir='ltr'><strong>indentur-as</strong></span> 
     </span>
     <span class='ocr_line' id='line_1_32' title="bbox 897 4117 2993 4203; baseline 0.002 -22"><span class='ocrx_word' id='word_1_222' title='bbox 897 4117 1276 4203; x_wconf 89' lang='lat' dir='ltr'><strong>hujusmodi</strong></span> <span class='ocrx_word' id='word_1_223' title='bbox 1346 4118 1716 4202; x_wconf 69' lang='lat' dir='ltr'><strong>liberandae,</strong></span> <span class='ocrx_word' id='word_1_224' title='bbox 1763 4124 1834 4182; x_wconf 87' lang='lat' dir='ltr'><strong>et</strong></span> <span class='ocrx_word' id='word_1_225' title='bbox 1878 4117 1963 4183; x_wconf 90' lang='lat' dir='ltr'><strong>ad</strong></span> <span class='ocrx_word' id='word_1_226' title='bbox 2008 4117 2275 4182; x_wconf 88' lang='lat' dir='ltr'><strong>villatas</strong></span> <span class='ocrx_word' id='word_1_227' title='bbox 2320 4122 2390 4182; x_wconf 92' lang='lat' dir='ltr'><strong>et</strong></span> <span class='ocrx_word' id='word_1_228' title='bbox 2424 4139 2755 4203; x_wconf 77' lang='lat' dir='ltr'><strong>personas,</strong></span> <span class='ocrx_word' id='word_1_229' title='bbox 2802 4121 2858 4184; x_wconf 92' lang='lat' dir='ltr'><strong>si</strong></span> <span class='ocrx_word' id='word_1_230' title='bbox 2904 4141 2993 4196; x_wconf 86' lang='lat' dir='ltr'><strong>ea,</strong></span> 
     </span>
     <span class='ocr_line' id='line_1_33' title="bbox 898 4217 2993 4304; baseline 0.001 -20"><span class='ocrx_word' id='word_1_231' title='bbox 898 4220 1007 4284; x_wconf 89' lang='lat' dir='ltr'><strong>vel</strong></span> <span class='ocrx_word' id='word_1_232' title='bbox 1037 4240 1262 4284; x_wconf 85' lang='lat' dir='ltr'><strong>eorum</strong></span> <span class='ocrx_word' id='word_1_233' title='bbox 1307 4219 1544 4304; x_wconf 85' lang='lat' dir='ltr'><strong>aliqua,</strong></span> <span class='ocrx_word' id='word_1_234' title='bbox 1577 4219 1784 4283; x_wconf 87' lang='lat' dir='ltr'><strong>facere</strong></span> <span class='ocrx_word' id='word_1_235' title='bbox 1830 4217 2258 4304; x_wconf 86' lang='lat' dir='ltr'><strong>neglexerint,</strong></span> <span class='ocrx_word' id='word_1_236' title='bbox 2292 4219 2378 4284; x_wconf 90' lang='lat' dir='ltr'><strong>ad</strong></span> <span class='ocrx_word' id='word_1_237' title='bbox 2410 4241 2487 4284; x_wconf 89' lang='lat' dir='ltr'><strong>ea</strong></span> <span class='ocrx_word' id='word_1_238' title='bbox 2514 4219 2827 4298; x_wconf 86' lang='lat' dir='ltr'><strong>facienda,</strong></span> <span class='ocrx_word' id='word_1_239' title='bbox 2860 4244 2993 4287; x_wconf 87' lang='lat' dir='ltr'><strong>mo-</strong></span> 
     </span>
     <span class='ocr_line' id='line_1_34' title="bbox 899 4318 2994 4406; baseline -0.002 -18"><span class='ocrx_word' id='word_1_240' title='bbox 899 4323 1002 4388; x_wconf 89' lang='lat' dir='ltr'><strong>dis</strong></span> <span class='ocrx_word' id='word_1_241' title='bbox 1047 4329 1117 4388; x_wconf 85' lang='lat' dir='ltr'><strong>et</strong></span> <span class='ocrx_word' id='word_1_242' title='bbox 1161 4321 1290 4386; x_wconf 88' lang='lat' dir='ltr'><strong>viis</strong></span> <span class='ocrx_word' id='word_1_243' title='bbox 1335 4320 1577 4404; x_wconf 88' lang='lat' dir='ltr'><strong>quibus</strong></span> <span class='ocrx_word' id='word_1_244' title='bbox 1623 4318 1909 4404; x_wconf 83' lang='lat' dir='ltr'><strong>expedit,</strong></span> <span class='ocrx_word' id='word_1_245' title='bbox 1944 4319 2501 4404; x_wconf 77' lang='lat' dir='ltr'><strong>compellendum3</strong></span> <span class='ocrx_word' id='word_1_246' title='bbox 2546 4325 2637 4385; x_wconf 88' lang='lat' dir='ltr'><strong>et.</strong></span> <span class='ocrx_word' id='word_1_247' title='bbox 2658 4321 2745 4385; x_wconf 85' lang='lat' dir='ltr'><strong>ad</strong></span> <span class='ocrx_word' id='word_1_248' title='bbox 2774 4343 2994 4406; x_wconf 84' lang='lat' dir='ltr'><strong>super-</strong></span> 
     </span>
     <span class='ocr_line' id='line_1_35' title="bbox 898 4420 2993 4506; baseline -0.003 -16"><span class='ocrx_word' id='word_1_249' title='bbox 898 4424 1258 4490; x_wconf 89' lang='lat' dir='ltr'><strong>videndum</strong></span> <span class='ocrx_word' id='word_1_250' title='bbox 1291 4422 1488 4486; x_wconf 88' lang='lat' dir='ltr'><strong>etiam</strong></span> <span class='ocrx_word' id='word_1_251' title='bbox 1520 4421 1694 4504; x_wconf 91' lang='lat' dir='ltr'><strong>quod</strong></span> <span class='ocrx_word' id='word_1_252' title='bbox 1725 4421 1973 4484; x_wconf 82' lang='lat' dir='ltr'><strong>eaedem</strong></span> <span class='ocrx_word' id='word_1_253' title='bbox 2002 4420 2187 4496; x_wconf 84' lang='lat' dir='ltr'><strong>lanae,</strong></span> <span class='ocrx_word' id='word_1_254' title='bbox 2228 4420 2430 4505; x_wconf 84' lang='lat' dir='ltr'><strong>juxta</strong></span> <span class='ocrx_word' id='word_1_255' title='bbox 2472 4427 2715 4485; x_wconf 85' lang='lat' dir='ltr'><strong>sortem</strong></span> <span class='ocrx_word' id='word_1_256' title='bbox 2744 4423 2993 4506; x_wconf 80' lang='lat' dir='ltr'><strong>patrioe,</strong></span> 
     </span>
     <span class='ocr_line' id='line_1_36' title="bbox 899 4521 2997 4610; baseline -0.001 -20"><span class='ocrx_word' id='word_1_257' title='bbox 899 4527 1036 4590; x_wconf 83' lang='lat' dir='ltr'><strong>sint</strong></span> <span class='ocrx_word' id='word_1_258' title='bbox 1079 4527 1535 4608; x_wconf 86' lang='lat' dir='ltr'><strong>competentes,</strong></span> <span class='ocrx_word' id='word_1_259' title='bbox 1583 4525 1652 4584; x_wconf 90' lang='lat' dir='ltr'><strong>et</strong></span> <span class='ocrx_word' id='word_1_260' title='bbox 1719 4521 1896 4605; x_wconf 90' lang='lat' dir='ltr'><strong>quod</strong></span> <span class='ocrx_word' id='word_1_261' title='bbox 1955 4521 2126 4586; x_wconf 86' lang='lat' dir='ltr'><strong>lanae</strong></span> <span class='ocrx_word' id='word_1_262' title='bbox 2172 4541 2287 4605; x_wconf 88' lang='lat' dir='ltr'><strong>per</strong></span> <span class='ocrx_word' id='word_1_263' title='bbox 2346 4521 2651 4606; x_wconf 86' lang='lat' dir='ltr'><strong>praefatos</strong></span> <span class='ocrx_word' id='word_1_264' title='bbox 2704 4529 2997 4610; x_wconf 87' lang='lat' dir='ltr'><strong>captores</strong></span> 
     </span>
     <span class='ocr_line' id='line_1_37' title="bbox 902 4622 2995 4708; baseline -0 -19"><span class='ocrx_word' id='word_1_265' title='bbox 902 4625 988 4689; x_wconf 83' lang='lat' dir='ltr'><strong>ad</strong></span> <span class='ocrx_word' id='word_1_266' title='bbox 1031 4644 1196 4708; x_wconf 88' lang='lat' dir='ltr'><strong>opus</strong></span> <span class='ocrx_word' id='word_1_267' title='bbox 1241 4627 1536 4686; x_wconf 86' lang='lat' dir='ltr'><strong>nostrum</strong></span> <span class='ocrx_word' id='word_1_268' title='bbox 1583 4627 1811 4706; x_wconf 85' lang='lat' dir='ltr'><strong>captae,</strong></span> <span class='ocrx_word' id='word_1_269' title='bbox 1844 4622 1924 4685; x_wconf 91' lang='lat' dir='ltr'><strong>de</strong></span> <span class='ocrx_word' id='word_1_270' title='bbox 1970 4622 2210 4706; x_wconf 89' lang='lat' dir='ltr'><strong>quibus</strong></span> <span class='ocrx_word' id='word_1_271' title='bbox 2242 4622 2433 4700; x_wconf 80' lang='lat' dir='ltr'><strong>nobis</strong></span> <span class='ocrx_word' id='word_1_272' title='bbox 2477 4622 2571 4687; x_wconf 89' lang='lat' dir='ltr'><strong>sic</strong></span> <span class='ocrx_word' id='word_1_273' title='bbox 2614 4643 2995 4708; x_wconf 87' lang='lat' dir='ltr'><strong>responsum</strong></span> 
     </span>
     <span class='ocr_line' id='line_1_38' title="bbox 902 4723 2992 4810; baseline 0 -21"><span class='ocrx_word' id='word_1_274' title='bbox 902 4731 1015 4801; x_wconf 88' lang='lat' dir='ltr'><strong>est,</strong></span> <span class='ocrx_word' id='word_1_275' title='bbox 1065 4731 1133 4789; x_wconf 89' lang='lat' dir='ltr'><strong>et</strong></span> <span class='ocrx_word' id='word_1_276' title='bbox 1178 4724 1380 4788; x_wconf 89' lang='lat' dir='ltr'><strong>etiam</strong></span> <span class='ocrx_word' id='word_1_277' title='bbox 1411 4745 1557 4808; x_wconf 83' lang='lat' dir='ltr'><strong>quae</strong></span> <span class='ocrx_word' id='word_1_278' title='bbox 1589 4723 1662 4788; x_wconf 91' lang='lat' dir='ltr'><strong>in</strong></span> <span class='ocrx_word' id='word_1_279' title='bbox 1707 4724 2011 4789; x_wconf 87' lang='lat' dir='ltr'><strong>manibus</strong></span> <span class='ocrx_word' id='word_1_280' title='bbox 2058 4745 2281 4788; x_wconf 87' lang='lat' dir='ltr'><strong>eorum</strong></span> <span class='ocrx_word' id='word_1_281' title='bbox 2314 4729 2634 4810; x_wconf 67' lang='lat' dir='ltr'><strong>promptae</strong></span> <span class='ocrx_word' id='word_1_282' title='bbox 2680 4725 2992 4802; x_wconf 85' lang='lat' dir='ltr'><strong>existunt,</strong></span> 
     </span>
    </p>
   </div>
  </div>
 </body>
</html>
