3592 5817
1242 326 1664 408 'REGISTRUM
1710 356 2118 406 PALATmuu
2162 355 2649 422 DUNELMENSE.
2812 381 2817 388 -
2890 339 3015 402 505

911 547 980 606 et
1023 546 1184 607 tunc
1227 541 1558 606 hostiliter
1601 541 1914 606 invadere
1960 562 2029 605 se
2072 541 2365 626 parabat,
2411 560 2454 604 a
2498 539 2667 605 clero
2720 557 3021 602 concessa

909 643 1268 722 liberaliter
1325 643 1450 710 hac
1524 643 1790 720 decima,
1866 643 2172 707 nonnulli
2257 639 2473 708 clerici
2550 639 3019 706 Dunolmensis

909 743 1207 808 dioecesis
1254 743 1640 820 beneficiati,
1689 743 2053 829 praesertim
2098 748 2487 829 patronatus
2540 741 2687 818 mei,
2734 759 3017 826 quorum

817 863 828 872 ·
909 844 1240 921 beneficia,
1262 849 1495 930 utpote
1524 845 1895 930 propinqua
1923 850 2115 910 terrae
2130 843 2402 921 ‘Scotiae,
2426 844 2589 908 adeo
2621 842 3019 928 depopulata

910 946 1188 1024 fuerant,
1219 951 1290 1012 et
1333 951 1734 1032 consumpta,
1765 947 1945 1032 quod
1982 947 2236 1012 fructus
2276 951 2345 1012 et
2387 951 2748 1031 proventus
2791 966 3016 1010 eorum

910 1047 998 1113 ad
1029 1047 1358 1113 decimam
1375 1054 1553 1113 taxae
1590 1047 1752 1114 tunc
1782 1048 2105 1112 currentis
2148 1047 2439 1113 sufficere
2483 1068 2623 1112 non
2659 1044 3013 1123 valebant,¹

912 1149 1089 1214 dicto
1149 1149 1414 1215 domino
1457 1150 1598 1236 regi
1641 1149 1985 1215 humiliter
2028 1143 2514 1235 supplicabant,·
2552 1152 2635 1213 ut
2681 1148 2860 1214 dicta
2906 1148 3017 1212 be-

910 1251 1158 1330 neficia,
1205 1257 1344 1317 tam
1389 1253 1471 1317 (16
1532 1257 1889 1337 patronatu
1952 1251 2418 1318 Dunolmensis
2470 1251 2773 1337 episcopi,
2820 1271 3019 1335 quam

911 1353 1112 1418 etiam
1159 1357 1540 1418 caeterorum
1593 1353 1788 1418 dictae
1850 1353 2163 1430 dioecesiS,
2211 1354 2295 1419 de
2353 1373 2528 1418 novo
2590 1352 2810 1417 taxari
2872 1373 3019 1436 per-

911 1455 1222 1531 mitteret,
1254 1476 1403 1520 cum
1447 1455 1568 1520 tali
1613 1455 2071 1532 moderamine,
2102 1460 2197 1532 ut,
2231 1445 2513 1520 deducta
2558 1453 2825 1531 decima,
2871 1474 3017 1538 pos-

911 1562 1060 1621 sent
1118 1557 1200 1621 de
1260 1557 1521 1623 residuo
1584 1557 1997 1623 mediocriter
2058 1557 2433 1622 sustentari.
2571 1556 2700 1624 Oui
2748 1556 3016 1641 quidem

910 1659 1217 1744 petitioni
1263 1659 1543 1746 benigne
1588 1681 1708 1725 rex
1742 1661 1997 1737 annuit,
2031 1665 2349 1744 tanquam
2387 1658 2589 1744 justae
2621 1664 3018 1750 ethonsonae

912 1761 1170 1838 rationi,
1203 1761 1338 1826 suis
1382 1762 1772 1846 permittens
1816 1762 2026 1827 literis
2070 1760 2526 1846 praedecessori
2570 1782 2731 1839 me0,
2764 1759 3017 1826 Dunol-

913 1863 1122 1928 mensi
1167 1864 1482 1950 episcop0,
1528 1868 1610 1927 ut
1669 1863 2103 1929 ecclesiastica
2161 1862 2480 1928 beneficia
2538 1884 2674 1928 suae
2721 1862 3019 1927 dioecesis

913 1965 1274 2049 praelibatae
1321 1964 1404 2030 de
1445 1986 1618 2031 novo
1663 1965 1883 2030 taxari
1927 1964 2170 2030 faceret
2231 1965 2305 2030 in
2361 1964 2485 2030 hoc
2544 1985 2713 2042 casu,
2776 1969 2858 2041 et,
2922 1985 3018 2030 se-

915 2065 1204 2129 cundum
1247 2067 1660 2132 taxationem
1721 2066 1875 2131 inde
1920 2065 2303 2143 faciendam,
2354 2065 2481 2130 sibi
2543 2067 2636 2131 sic
2704 2085 3019 2132 concessae

913 2165 1184 2230 decimae
1231 2166 1676 2246 solverentur3
1720 2167 1895 2251 quod
1942 2166 2159 2232 adhuc
2204 2171 2506 2232 servatur
2550 2167 2624 2230 in
2668 2166 2863 2231 dictis
2908 2165 3019 2230 be-

914 2266 1179 2345 neficiiS‚
1228 2290 1422 2334 causa
1467 2268 1778 2354 primaria
1823 2269 2119 2334 totaliter
2160 2290 2295 2334 non
2340 2273 2647 2334 cessante.
2742 2268 2828 2333 In
2872 2289 3020 2354 pro-

914 2369 1363 2434 curationibus
1407 2375 1631 2436 tamen
1692 2369 2107 2435 dominorum
2152 2369 2601 2446 cardinalium,
2648 2369 3020 2434 attenditur

914 2471 1127 2555 prima
1171 2475 1347 2549 taxa,
1381 2471 1726 2557 colligitur,
1761 2477 1830 2536 et
1874 2471 2156 2536 solvitur
2192 2471 2394 2556 juxta
2438 2493 2621 2550 eam;
2663 2471 2839 2536 unde
2870 2493 3019 2536 cum

913 2572 1032 2636 vix
1093 2572 1183 2636 sit
1227 2571 1493 2657 aliquod
1553 2571 1945 2637 beneficium
2005 2572 2077 2635 in
2123 2572 2386 2637 dioecesi
2431 2572 2881 2648 Dunolmensi,
2936 2573 3024 2636 ad

879 2667 1134 2738 ‘meum
1180 2679 1478 2757 spectans
1521 2677 1948 2758 patronatum
1994 2694 2110 2737 seu
2154 2672 2583 2748 collationem,
2627 2672 2802 2757 quod
2846 2693 3021 2735 sum-

917 2795 1094 2837 mam
1139 2775 1430 2850 excedat,
1462 2772 1549 2837 ad
1580 2795 1779 2859 quam
1824 2795 1942 2858 per
1985 2772 2358 2838 libertatem
2393 2771 2582 2836 Sedis
2627 2771 3021 2856 Apostolicae

917 2874 1272 2938 mandatur
1314 2873 1388 2936 in
1434 2873 1644 2938 forma
1689 2873 2023 2937 communi
2064 2871 2464 2957 pauperibus
2509 2870 2757 2936 clericis
2800 2869 3022 2955 provi-

918 2973 1075 3050 deri,
1121 2973 1178 3037 si
1235 2972 1614 3057 hujusmodi
1667 2973 1923 3058 generis
1942 2970 1967 3010 ²
2010 2971 2268 3057 assequi
2321 2971 2619 3050 debeant,
2667 2973 3025 3037 secundum

918 3073 1161 3138 dictam
1208 3073 1706 3158 mitigationem,
1737 3072 2164 3159 instigatione
2209 3072 2404 3158 regia,
2436 3073 2679 3138 factam
2708 3077 2780 3138 et
2816 3071 3025 3136 indic-

917 3180 1072 3252 tam,
1128 3196 1292 3240 meae
1337 3175 1751 3260 dispositioni
1816 3183 2025 3261 pauca
2048 3197 2183 3241 -seu
2225 3175 2413 3240 nulla
2470 3176 2783 3242 beneficia
2827 3176 3023 3244 eccle-

919 3276 1180 3341 siastica
1239 3275 1504 3361 penitus
1556 3275 2025 3366 relinquentur.
2149 3275 2255 3340 Ex
2300 3296 2431 3362 quo
2478 3277 2804 3363 contingit
2848 3277 3025 3362 quod

919 3377 1165 3443 clericis
1208 3377 1550 3462 111-61166116,
1591 3376 1913 3464 theologis
1958 3382 2028 3442 et
2065 3377 2229 3455 aliie,
2262 3384 2842 3463 quantumcunque
2886 3399 3024 3443 mo-

917 3499 1066 3542 rum
1117 3478 1490 3543 honestate.
1521 3482 1591 3543 et
1649 3477 1923 3544 scientia
1970 3478 2267 3564 praeditis
2326 3479 2682 3558 literarum,
2738 3481 3027 3546 subactis

918 3584 1142 3645 tamen
1185 3601 1352 3664 pene
1396 3579 1708 3644 clericalis
1751 3579 2199 3645 mendicitatis
2244 3581 2606 3666 opprobri0‚
2644 3582 2846 3667 juxta
2888 3603 3026 3647 mo-

907 3702 1054 3745 sem
1119 3681 1429 3765 temporis
1491 3679 1829 3765 praeteriti,
1882 3684 1953 3744 et
2004 3679 2286 3744 ecclesiae
2332 3681 2797 3747 Dunolmensis
2854 3683 3028 3748 anti-

918 3786 1196 3866 quatum
1260 3780 1588 3858 honorem,
1652 3780 1724 3844 in
1792 3780 2240 3846 ecclesiasticis
2306 3781 2639 3848 beneficiis
2697 3784 3029 3869 aliquibus

917 3903 1238 3966 nequeam
1299 3880 1690 3960 subvenire3
1754 3881 2119 3966 quinimmo
2178 3903 2299 3948 1166
2356 3882 2430 3946 111
2488 3905 2646 3970 agro
2702 3886 3027 3952 dominico

917 3982 1250 4048 cotidiana
1280 3981 1696 4046 solicitudine
1727 3981 2143 4047 ecclesiarum
2172 3981 2338 4046 mihi
2368 3983 2726 4068 plurimum
2758 4008 3029 4052 onerosa

990 4207 1006 4240 ¹
1041 4206 1306 4258 vale-abant
1327 4207 1380 4258 in
1403 4207 1534 4274 orig.
1960 4207 1973 4276 Ι
2068 4207 2091 4241 ²
2122 4207 2247 4259 This
2267 4211 2409 4260 word
2430 4209 2475 4260 is
2496 4211 2746 4280 doubtful.
