3592 5817
1042 893 1173 956 580
1907 905 2277 954 Arrmmnr.

1130 1077 1271 1144 Nec
1312 1079 1709 1144 admittatur
1766 1079 2006 1164 aliquis
2067 1083 2460 1165 procurator,
2506 1079 2636 1144 nisi
2687 1079 3160 1164 juramentum

1040 1181 1365 1266 corporale
1412 1180 1812 1266 praestiterit,
1845 1181 1971 1246 sub
2000 1180 2125 1246 hac
2154 1179 2401 1244 forma:
2403 1188 2511 1228 ——‘
2513 1180 2702 1265 ‘Ego
2735 1179 2831 1242 N.
2877 1178 3039 1264 juro
3081 1177 3160 1241 ad

1040 1281 1259 1360 “haec
1302 1281 1431 1345 Dei
1486 1281 1731 1347 Sancta
1775 1281 2155 1367 Evangelia,
2203 1281 2380 1366 quod
2439 1281 2512 1344 in
2558 1281 2880 1344 omnibus
2933 1279 3156 1354 causis

1036 1388 1071 1414 “
1114 1380 1188 1444 in
1256 1382 1495 1466 quibus
1561 1388 1940 1467 procurator
2001 1403 2148 1445 sum
2211 1381 2318 1444 vel
2382 1403 2506 1458 ero,
2585 1402 2808 1445 coram
2893 1379 3158 1444 domino

1037 1490 1069 1516 “
1115 1482 1415 1600 episcopo
1445 1482 1890 1559 Dunelmensi,
1923 1481 2030 1548 vel
2074 1483 2214 1546 suis
2245 1482 2706 1547 commissariis
2735 1481 3157 1566 specialibus,

1036 1594 1069 1619 “
1116 1592 1236 1650 aut
1278 1587 1353 1650 in
1412 1587 1791 1652 consistorio
1851 1586 2298 1662 Dunelmensi,
2361 1584 2644 1650 officium
2705 1585 3157 1670 procuratoris

1038 1695 1071 1721 “
1116 1687 1399 1752 fideliter
1460 1687 1806 1766 exercebo;
1852 1687 2155 1772 quodque
2216 1687 2396 1750 omni
2449 1687 2692 1771 opere,''
2739 1685 3156 1751 etc—Sicut

1036 1789 1108 1852 in
1144 1789 1521 1874 juramento
1551 1789 1733 1873 prius
1762 1788 2152 1864 continetur,
2185 1809 2390 1871 usque
2435 1787 2532 1850 ibi
2553 1795 2694 1850 :—“
2727 1787 2932 1863 Item,
2982 1787 3056 1862 si,
3087 1787 3154 1848 in

1038 1899 1071 1924 “
1116 1911 1505 1976 quacunque
1551 1889 1791 1975 parte.''

1122 1991 1295 2057 Item
1326 1991 1693 2068 statuimus,
1744 1991 1918 2075 quod
1965 1989 2256 2058 officialis
2315 1990 2795 2067 DunelmensiS‚
2849 1991 3148 2056 commis·

1032 2092 1239 2156 sarius
1283 2092 1620 2178 generalia
1666 2097 1734 2156 et
1779 2091 2050 2156 clericus
2111 2091 2386 2176 registri,
2435 2113 2684 2156 moram
2743 2092 2820 2154 in
2877 2093 3146 2156 civitate

1030 2193 1457 2258 Dunelmensi
1504 2192 1751 2259 faciant
1795 2193 2237 2278 personalem3
2282 2199 2361 2256 ut
2404 2199 2474 2256 et
2531 2193 2605 2256 in
2649 2193 2964 2258 absentia
3013 2192 3146 2256 offi-

1030 2295 1212 2360 cialis
1262 2294 1739 2372 DunclmensiS,
1772 2295 1846 2358 in
1891 2295 2104 2360 causis
2148 2295 2456 2370 minimiS,
2508 2301 2578 2359 et
2645 2295 2794 2359 aliis
2859 2297 2944 2360 de
3006 2295 3142 2380 qui-

1034 2397 1159 2461 bus
1204 2397 1285 2462 de
1330 2397 1527 2483 plano
1574 2396 1773 2460 fuerit
1833 2396 2330 2481 procedendum,
2380 2417 2498 2459 seu
2545 2417 2692 2480 quae
2739 2397 3139 2460 celeritatem

1033 2500 1424 2576 desiderant,
1480 2497 1671 2562 celeri
1694 2495 1716 2534 ¹
1778 2497 1955 2562 facta
2017 2495 2227 2561 cuivis
2278 2496 2566 2580 justitia,
2633 2497 2840 2582 juxta
2901 2498 3135 2571 literas,

1030 2602 1416 2678 sanctioneS,
1463 2606 1531 2664 et
1588 2599 1721 2664 alia
1782 2598 2184 2684 emergentia
2249 2599 2530 2683 negotia,
2579 2599 2703 2663 rite
2765 2599 3134 2684 expediant,

1030 2708 1229 2788 prout
1273 2707 1587 2788 poterunt
1631 2700 1955 2785 expedire.

1119 2805 1491 2870 Statuimus
1522 2803 1806 2886 insuper,
1839 2801 2014 2886 quod
2044 2822 2159 2886 per
2189 2801 2649 2887 praesidentem
2695 2802 2894 2867 dictae
2925 2802 3130 2874 curiae,

1026 2906 1165 2970 sive
1242 2904 1607 2972 consistorii
1684 2903 2164 2980 DunelmensiS,
2230 2903 2657 2988 profideatur
2724 2904 2995 2980 solicite,
3053 2925 3130 2966 nc

1024 3011 1291 3092 propter
1343 3004 1539 3068 unius
1600 3004 1809 3088 partis
1870 3025 2086 3069 coram
2149 3025 2226 3068 eo
2269 3003 2614 3088 litigantis,
2661 3004 2770 3068 vel
2815 3005 3086 3070 fautoris
3109 3003 3132 3042 ²

1024 3106 1332 3192 ejusdem,
1380 3105 1743 3192 potentiam
1789 3105 1898 3170 vel
1958 3105 2264 3182 favorem,
2333 3111 2454 3170 aut
2497 3127 2615 3190 per
2681 3127 3128 3191 quamcunque

1014 3209 1465 3294 excogitatam
1512 3207 1852 3283 malitiam,
1884 3228 2036 3292 pars
2078 3205 2288 3271 altera
2329 3206 2420 3271 sit
2465 3207 2734 3271 consilio
2781 3208 3126 3276 destituta:

1010 3311 1457 3394 advocatique
1506 3309 1629 3392 [et]
1692 3313 2143 3392 procuratores
2203 3328 2272 3370 se
2318 3328 2452 3371 non
2496 3307 2781 3372 reddant
2826 3309 3124 3381 difficiles,

1025 3417 1105 3476 ut
1148 3435 1189 3476 a
1234 3413 1532 3497 partibus
1578 3410 1972 3473 immensum
2017 3407 2329 3473 salarium
2373 3416 2824 3493 assequantur.

1114 3513 1197 3577 In
1242 3513 1453 3578 causis
1486 3532 1639 3576 vero
1685 3532 2049 3596 pauperum
2079 3515 2149 3574 et
2178 3511 2649 3594 miserabilium
2694 3535 3126 3597 personarum,

1026 3615 1141 3700 qui
1194 3614 1394 3678 fidem
1455 3613 1728 3678 fecerint
1788 3611 2049 3697 proprio
2101 3610 2498 3695 juramento,
2563 3614 2738 3697 quod
2797 3615 2884 3678 ad
2945 3616 3125 3679 satis-

1024 3715 1395 3780 faciendum
1441 3715 1791 3790 advocatis,
1856 3713 2401 3798 procuratoribus,
2451 3719 2520 3778 et
2579 3716 2848 3794 caeteris,
2897 3718 3128 3801 quibus

1026 3816 1397 3882 satisfacere
1443 3815 1747 3891 habeant,
1796 3815 1852 3878 si
1906 3820 2209 3899 potentes
2269 3814 2535 3892 fuerint,
2581 3817 2978 3902 impotentes
3022 3841 3128 3882 ex-

1025 3921 1253 3995 istunt,
1303 3918 1543 3982 dentur
1588 3939 1704 4003 per
1726 3914 1751 3954 ³
1819 3916 2279 4002 praesidentem
2325 3916 2630 3982 advocati
2697 3925 2765 3982 et
2830 3941 3129 4004 procura-

1024 4029 1213 4098 tores,
1260 4043 1433 4085 unus
1479 4020 1586 4084 vel
1638 4019 1874 4105 plures,
1920 4023 2118 4104 prout
2170 4019 2453 4103 qualitas
2513 4021 2763 4106 negotii
2810 4024 3130 4107 exegerit;

1024 4127 1353 4209 iidemque
1398 4122 1700 4188 advocati
1742 4127 1812 4185 et
1857 4127 2321 4206 procuratores
2351 4143 2608 4186 necnon
2653 4123 3130 4190 examinatores

1026 4233 1093 4292 et
1138 4225 1357 4292 caeteri
1401 4223 1687 4287 ministri
1748 4221 1955 4306 ipsius
2001 4222 2382 4298 consistorii,
2447 4223 2586 4286 sive
2641 4223 2838 4288 curiae
2883 4223 3128 4289 Dunel-

1024 4329 1282 4405 mensis,
1330 4329 1402 4390 in
1455 4326 1695 4390 eisdem
1756 4325 1969 4388 causis
2029 4325 2237 4408 gratis
2295 4347 2489 4388 suum
2551 4325 2834 4390 officium
2879 4327 3127 4412 impen-

1026 4432 1209 4507 dant,
1258 4428 1509 4493 intuitu
1554 4426 1864 4492 caritatis

1028 4603 1078 4612 ,.—
2548 4600 2943 4607 —————
2978 4600 3126 4606 ——--

1095 4699 1111 4730 ¹
1146 4697 1323 4752 colore.
1346 4697 1457 4746 MS.
2197 4694 2218 4728 ³
2253 4695 2338 4756 ad,
2361 4695 2473 4746 MS.

1086 4777 1111 4812 ²
1129 4779 1361 4842 fautore,
1384 4775 1499 4828 MS.
