3592 5817
1088 894 1484 944 ssmsrmm
1531 894 1937 945 munuum
1983 894 2469 945 nonemnusn.
2752 882 2833 944 25

399 1088 550 1135 Anas
565 1088 653 1134 Ed.
666 1089 707 1136 1.
733 1076 814 1141 de
870 1077 1388 1155 Simondeburn',
1448 1098 1600 1144 cum
1660 1078 2095 1165 pertinentiis,
2158 1100 2387 1143 versus
2446 1078 2837 1165 praedictum
2892 1091 3007 1137 Μ).
3025 1094 3140 1139 ΞΜ.

731 1179 1122 1257 Antonium,
1165 1180 1558 1266 episcopum,
1605 1185 1676 1244 et
1719 1202 1799 1245 ea
1849 1180 1923 1250 in
1981 1201 2252 1245 manum
2314 1200 2502 1245 suam
2547 1185 2841 1245 resumat

731 1286 852 1347 etc.
901 1314 908 1321 ·
967 1282 1058 1347 Et
1101 1281 1278 1367 quod
1321 1281 1538 1347 dictus
1582 1281 1923 1367 episcopus
1982 1282 2373 1367 respondeat
2417 1282 2499 1346 de
2546 1282 2839 1347 exitibus

735 1386 897 1451 dicti
950 1383 1242 1460 manerii,
1303 1404 1346 1447 a
1410 1383 1729 1469 praedicto
1791 1406 1903 1448 n.
1952 1384 2058 1449 die
2125 1384 2367 1449 mensis
2433 1383 2839 1470 Septembris

737 1507 914 1551 anno
959 1484 1430 1571 xxiiijvo.,—Et
1471 1484 1812 1571 episcopus
1857 1485 1930 1550 in
1974 1485 2432 1552 misericordia.

742 1751 786 1802 C
939 1752 950 1764 .
1163 1684 1590 1769 Raeceptum·
1636 1684 1770 1750 fuit
1835 1683 2207 1751 vicecomiti
2270 1683 2596 1750 Oombriae
2663 1683 2840 1768 quod
2864 1686 3175 1783 {ggoessefgre

788 1752 1002 1803 umbna·
1072 1786 1236 1851 scire
1309 1786 1552 1861 faceret
1624 1786 1937 1864 Antonio,
2012 1786 2314 1872 episcopo
2388 1784 2837 1854 Dunolmensi,
2864 1738 3143 1889 ffissffit

747 1887 1002 1950 tenenti
1048 1887 1362 1953 ducentes
1391 1888 1666 1954 libratas
1695 1893 1889 1953 terrae
1934 1888 2009 1953 in
2050 1886 2362 1953 maneriis
2392 1886 2475 1951 de
2508 1886 2841 1973 Souresby
2864 1888 3071 1983 {1⁸ssssss
3070 1890 3149 1982 gg·
3204 1902 3209 1909 ’

742 1991 812 2050 et
855 1985 1156 2067 Pom-eth,
1203 2010 1352 2053 cum
1398 1989 1707 2054 membris
1738 1996 1809 2053 et
1834 1988 2255 2075 pertinentiis
2284 1988 2437 2065 suis,
2470 1994 2551 2052 ut
2580 1987 2838 2067 dicitur,
2863 1988 3130 2083 ξξιῧῑζιξξ

744 2109 861 2174 per
923 2088 1086 2155 duos
1153 2090 1392 2155 liberos
1460 2097 1530 2156 et
1589 2090 1921 2177 legitimos
1986 2090 2286 2157 homines
2362 2089 2445 2155 de
2520 2090 2839 2156 comitatu
2864 2075 3189 2191 ffiffiggy'

739 2191 1069 2275 praedicte,
1117 2193 1294 2278 quod
1339 2199 1511 2257 esset
1553 2192 1664 2259 hic
1690 2193 1885 2260 modo
1914 2212 2133 2259 coram
2176 2216 2345 2280 rege,
2391 2193 2478 2259 ad
2522 2192 2647 2258 hoc
2689 2213 2837 2277 par-
2864 2186 3029 2287 ξξξῑθξῗ
3047 2188 3177 2233 ⁵¹⁰¹·

735 2291 1125 2360 lismentum
1153 2295 1340 2379 regiS,
1373 2294 1460 2359 ad
1489 2294 1968 2360 ostendendum
1996 2294 2055 2359 si
2086 2294 2248 2380 quid
2290 2316 2411 2381 pro
2456 2316 2524 2359 se
2568 2292 2842 2357 haberet
2863 2238 3161 2381 ffisoeiffigv

737 2392 846 2457 vel
892 2394 1104 2460 dicere
1149 2395 1345 2460 sciret
1389 2415 1589 2479 quare
1634 2396 1968 2480 praedictae
2013 2416 2101 2461 cc.
2145 2394 2404 2461 libratae
2448 2401 2657 2471 terme,
2690 2416 2839 2460 cum
2864 2349 3152 2482 fflffiffiffi

749 2494 1058 2559 membris
1127 2502 1196 2560 et
1257 2495 1677 2587 pertinentiis
1743 2496 1898 2573 suis,
1946 2517 2109 2581 quas
2177 2497 2447 2563 celebris
2508 2495 2843 2563 memoriae

743 2594 1048 2661 dominus
1101 2596 1444 2673 Hem-icus,
1493 2596 1825 2682 quondam
1869 2618 1989 2661 rex
2032 2596 2310 2683 Angliae‚
2356 2602 2547 2684 pater
2590 2596 2840 2663 domini

744 2696 915 2782 regis
959 2718 1151 2775 nunc,
1197 2718 1314 2783 per
1358 2702 1605 2764 cartam
1649 2719 1841 2763 suam
1900 2698 2087 2764 dedit
2144 2703 2215 2764 et
2272 2698 2593 2765 concessit
2634 2698 2839 2763 Alex-

745 2796 966 2873 andm,
1012 2798 1344 2883 quondam
1409 2799 1548 2885 regi
1618 2798 1873 2876 Scotiae,
1918 2798 2295 2865 habendum
2356 2806 2427 2864 et
2476 2799 2839 2865 tenendum

741 2898 953 2965 eidem
1019 2899 1398 2966 Alexandro
1465 2907 1536 2966 et
1584 2900 1957 2966 haeredibus
2016 2901 2170 2979 suis,
2231 2902 2497 2989 regibus
2559 2900 2841 2979 Scotiae3

742 2997 915 3066 sicut
959 3022 1077 3087 per
1119 3002 1591 3100 inspectionem
1636 3008 1836 3069 cartae
1896 3000 2192 3087 ejusdem
2252 3002 2507 3069 domini
2564 3001 2840 3069 Henrici

741 3101 912 3188 regis
955 3108 1215 3169 constat
1257 3103 1636 3184 evidentem
1679 3104 1762 3169 de
1806 3124 1939 3189 quo
1984 3104 2250 3189 quidem
2280 3104 2660 3170 Alexandro
2690 3102 2838 3168 nul-

604 3258 619 3267 .
743 3202 846 3267 lus
891 3202 1100 3269 haeres
1143 3204 1335 3270 modo
1378 3226 1498 3271 rex
1543 3205 1792 3283 existit,
1838 3206 1927 3271 ad
1970 3205 2189 3291 ipsum
2235 3206 2576 3271 dominum
2620 3226 2839 3291 regem

740 3304 984 3369 reverti
1052 3306 1242 3391 [non]
1313 3306 1611 3387 debeant,
1650 3305 1855 3392 juxta
1912 3305 2188 3372 formam
2232 3306 2606 3371 donationis
2674 3327 2839 3391 prae-

742 3404 954 3471 dictae.
1045 3406 1138 3471 Et
1201 3407 1498 3486 ulterius,
1542 3408 1839 3473 facturus
1884 3411 1953 3473 et
1995 3412 2377 3492 recepturus
2436 3408 2615 3493 quod
2660 3407 2841 3471 curia

745 3508 916 3595 regis
959 3508 1486 3587 consideraverit,
1533 3514 1652 3576 etc.
1745 3508 1837 3574 Et
1880 3508 2057 3593 quod
2098 3507 2373 3575 haberet
2415 3508 2527 3575 hic
2568 3508 2839 3573 nomina

745 3630 970 3675 eorum
1036 3632 1154 3697 per
1219 3632 1397 3697 quos,
1445 3618 1564 3677 etc.
1657 3608 1748 3677 Et
1813 3610 2170 3677 vicecomes
2232 3610 2427 3676 modo
2494 3609 2841 3675 mandavit

746 3712 871 3788 hic,
940 3713 1117 3797 quod
1183 3713 1346 3779 scire
1413 3711 1572 3778 feeit
1628 3712 1945 3799 praedicto
2004 3710 2315 3789 Antoni0,
2374 3712 2692 3799 episcope,
2753 3712 2839 3778 ad

745 3816 1038 3881 maneria
1105 3816 1186 3880 de
1255 3815 1553 3902 Soureby
1621 3822 1691 3882 et
1748 3814 2052 3895 Penreth,
2122 3836 2272 3883 cum
2334 3817 2660 3894 membris,
2723 3839 2839 3904 per

745 3915 1104 3981 Robertum
1135 3916 1509 4004 Tymperon
1553 3924 1624 3983 et
1666 3918 1998 4005 Rogermn
2041 3918 2125 3984 de
2169 3918 2416 3997 Laton’‚
2449 3919 2626 4005 quod
2670 3924 2840 3985 esset

747 4016 942 4082 modo
1003 4016 1114 4084 hic
1177 4020 1264 4084 sd
1331 4018 1809 4085 ostendendum
1872 4021 1929 4085 si
1997 4020 2159 4106 quid
2222 4042 2339 4107 pro
2408 4044 2475 4087 se
2521 4027 2640 4088 etc.
2752 4020 2841 4086 Et

747 4118 1100 4205 praedictus
1143 4119 1492 4199 Antonius,
1523 4122 1597 4186 in
1639 4122 1959 4208 praedicto
1988 4122 2419 4209 parliamento
2464 4122 2841 4202 solemniter

747 4226 1032 4297 vocatus,
1079 4241 1214 4285 non
1257 4222 1460 4287 venit.

842 4490 900 4503 ..
1109 4504 1114 4507 Ι
1167 4422 1256 4487 Et
1317 4420 1475 4507 quia
1531 4422 1885 4508 praedictus
1944 4422 2251 4488 dominus
2310 4422 2639 4488 Henricus
2702 4444 2835 4501 rex,

736 4490 1008 4577 Iudaeum.
1083 4528 1273 4610 pater
1301 4522 1552 4588 domini
1581 4523 1754 4610 regis
1782 4545 1977 4602 nunc,
2008 4546 2141 4618 per·
2154 4530 2403 4591 cartam
2432 4546 2621 4590 suam
2652 4525 2837 4593 dedit

745 4630 814 4690 et
857 4626 1175 4691 concessit
1217 4624 1533 4711 praedicto
1576 4625 1958 4693 Alexandro
2021 4626 2352 4712 quondam
2396 4628 2535 4714 regi
2576 4628 2832 4707 Sootiae,

741 4746 828 4793 cc.
874 4726 1146 4795 libratas
1195 4728 1462 4814 [tel-ree}
1512 4748 1662 4795 cum
1707 4727 2143 4815 pertinentiis,
2188 4728 2263 4793 in
2307 4729 2637 4815 praedictis
2698 4752 2835 4797 ma-
