3592 5817
1023 279 1153 343 592
1894 289 2263 338 APPENDIX.

1016 483 1084 542 et
1145 498 1386 552 censeO,
1435 482 1725 560 tempore
1788 481 2109 561 perpetuo
2174 481 2624 553 moraturum3
2695 475 2811 561 qui
2859 496 2979 560 per
3027 495 3140 538 me

1016 584 1083 643 et
1125 578 1414 644 haeredes
1446 600 1623 642 meos
1670 579 1866 643 dictae
1914 578 2138 642 domui
2185 583 2638 662 praesentetur,
2685 584 2755 642 et
2802 598 2845 641 a
2889 578 3140 662 magis-

1014 688 1116 746 tro
1177 687 1244 746 et
1309 681 1501 745 sociis
1546 681 1791 764 absque
1853 681 2370 746 contradictione
2416 679 2642 764 aliqua
2709 679 3134 755 admittatur,

1014 781 1173 845 dum
1232 787 1457 846 tamen
1533 781 1808 845 idoneus
1854 781 2070 856 fuerit,
2137 787 2207 845 et
2266 781 2585 846 honestus
2611 797 2655 860 ;·
2692 801 2811 865 pro
2888 802 2998 843 me
3068 785 3140 844 et

1013 904 1250 967 sponsa
1301 904 1464 959 mea,
1509 903 1628 967 pro
1696 882 1919 946 anima
1963 882 2214 946 domini
2282 882 2522 966 Rogeri
2573 881 2654 945 de
2723 880 3135 965 Somervyle,

1014 1005 1131 1068 pro
1178 984 1537 1048 venerabili
1583 989 1769 1068 patre
1832 983 2097 1047 domino
2143 983 2442 1058 RicardO,
2507 982 2939 1046 Dunelmensi
2988 981 3134 1066 epi-

1013 1105 1222 1169 scop0‚
1270 1085 1640 1149 haeredibus
1685 1084 1864 1161 meiS,
1928 1090 1997 1148 et
2040 1083 2444 1169 parentibus,
2490 1105 2745 1147 necnon
2792 1089 2862 1147 et
2929 1083 3135 1147 dietae

1015 1187 1247 1250 domus
1306 1186 1843 1262 benefactoribuS,
1890 1186 1962 1249 in
2022 1190 2414 1270 perpetuum
2463 1184 2946 1261 celebraturum
3011 1184 3132 1268 qui

1012 1287 1069 1351 si
1130 1287 1304 1352 inter
1349 1288 1669 1352 scholares
1717 1288 1911 1352 dictae
1959 1286 2190 1351 domus
2244 1285 2691 1362 tolerabiliter,
2736 1285 3011 1349 honeste
3060 1290 3132 1349 et

1011 1389 1318 1465 modeste,
1397 1411 1465 1453 se
1556 1389 1845 1475 gesserit,
1924 1409 1999 1453 ac
2076 1387 2251 1455 dicto
2329 1387 2695 1451 ministerio
2772 1387 3130 1472 diligenter

1010 1491 1360 1566 vacaverit,
1393 1491 1465 1553 in
1512 1492 1690 1555 dicta
1721 1490 1915 1554 domo
1964 1491 2108 1574 [pro
2142 1491 2287 1573 sua]
2335 1494 2668 1575 perpetuO,
2717 1490 2771 1552 si
2818 1489 3123 1564 voluerit,

1009 1598 1469 1671 conversetur;
1531 1614 1789 1656 omnem
1838 1592 2070 1656 domus
2140 1591 2636 1668 exhibitionem,
2698 1591 2914 1676 quoad
2984 1592 3124 1656 vic-

1011 1698 1155 1756 tum
1202 1699 1269 1757 et
1315 1715 1654 1769 cameram,
1688 1714 1890 1777 quam
1933 1693 2173 1777 aliquis
2205 1693 2286 1756 de
2318 1691 2724 1757 scholaribus
2769 1692 3121 1777 praedietis,

1010 1799 1090 1858 ut
1133 1795 1431 1879 superius
1477 1795 1811 1859 decretum
1859 1799 1973 1871 est,
2006 1795 2382 1879 perceperit,
2431 1815 2549 1878 pro
2579 1799 2873 1878 tempore
2919 1815 3120 1858 morae

1012 1916 1165 1972 suae,
1213 1896 1287 1958 in
1336 1896 1513 1960 dicta
1558 1897 1750 1960 domo
1819 1895 2230 1980 integraliter
2274 1901 2713 1981 percepturus
2810 1894 3017 1973 Quem
3061 1895 3126 1958 si

1010 1996 1275 2081 publica
1336 1997 1769 2082 turpitudinis
1833 2002 1993 2061 nota
2058 1996 2443 2073 innotuerit,
2491 2001 2690 2081 prout
2751 1996 2831 2060 de
2896 1995 3120 2080 aliquo

1009 2099 1350 2174 sociorum,
1418 2099 1634 2182 quoad
1699 2099 1841 2182 ejus
1887 2099 2361 2183 correptionem
2408 2104 2477 2163 et
2523 2098 3001 2174 correctionem,
3046 2103 3121 2163 et

1009 2221 1050 2263 a
1118 2200 1294 2264 dicta
1361 2200 1553 2262 domo
1598 2199 1860 2263 finalem
1930 2199 2397 2285 expulsionem,
2462 2221 2716 2265 necnon
2786 2199 3119 2264 occasione

1008 2321 1144 2363 suae
1203 2301 1552 2364 amotionis
1598 2301 1939 2377 actionem,
1987 2306 2243 2366 statuta
2286 2301 2365 2366 de
2412 2301 2584 2366 socio
2628 2301 2739 2366 vel
2799 2302 2878 2365 de
2922 2301 3120 2366 sociis

1004 2399 1320 2483 ejiciendo
1367 2399 1474 2462 vel
1541 2400 1878 2483 ejiciendis
1948 2401 2342 2487 praescripta,
2391 2402 2530 2466 sine
2600 2401 3115 2466 contradictione

1002 2501 1148 2576 mei,
1196 2501 1532 2564 haeredum
1579 2523 1890 2578 meorum,
1925 2523 2043 2565 seu
2088 2502 2531 2586 cujuscunque
2579 2502 2864 2578 alterius,
2908 2501 3116 2567 titulo

1001 2600 1110 2665 vel
1172 2601 1452 2678 nomine,
1500 2602 1792 2666 strictius
1858 2603 2303 2667 observentur.
2400 2605 2545 2684 Quo
2590 2604 2647 2689 ej
2656 2610 2799 2669 ecto
2843 2605 2951 2669 vel
2995 2605 3110 2668 de-

1002 2703 1286 2780 cedente,
1334 2705 1391 2767 si
1459 2726 1579 2768 nec
1642 2727 1755 2789 per
1815 2703 2108 2769 haeredes
2152 2727 2329 2769 meos
2376 2706 2544 2770 alius
2608 2707 2805 2771 dictae
2873 2707 3109 2783 domui,

1001 2804 1142 2871 loco
1217 2806 1412 2883 illius,
1490 2807 1666 2869 intra
1739 2828 2029 2870 mensem
2104 2812 2455 2893 postquam
2529 2808 2719 2872 nobis
2798 2809 2880 2873 de
2970 2808 3111 2893 ejus

1001 2930 1257 2974 recessu
1326 2909 1708 2984 constiterit,
1773 2913 2223 2993 praesentetur,
2302 2909 2388 2974 ad
2455 2910 2803 2995 praedictos
2873 2911 3109 2996 magis-

1001 3014 1180 3073 trum
1252 3014 1320 3072 et
1380 3008 1698 3072 scholares
1753 3009 1946 3072 dictae
2012 3008 2245 3073 domus
2320 3009 2638 3094 capellani
2708 3011 3106 3088 electionem,

999 3112 1515 3196 quotiescunque
1592 3110 1683 3173 sic
1760 3109 2268 3194 contingentem,
2340 3111 2745 3176 solummodo
2814 3116 3106 3197 spectare

999 3210 1288 3295 dispon0.
1385 3209 1517 3287 Qui
1580 3209 1839 3285 electus
1888 3209 1980 3274 sic
2026 3213 2106 3272 ut
2150 3209 2547 3294 praedicitur,
2596 3212 2989 3277 celebrabit:
3036 3219 3104 3278 et

1000 3312 1055 3376 si
1132 3311 1280 3395 quis
1349 3309 1737 3394 capellanus
1806 3331 1924 3394 per
1976 3331 2078 3373 me
2147 3317 2584 3395 praesentatus
2647 3313 2756 3377 vel
2816 3335 2931 3398 per
2997 3334 3101 3378 me

998 3412 1105 3476 vel
1171 3411 1462 3476 haeredes
1550 3432 1723 3473 meos
1798 3411 2313 3495 praesentandus,
2379 3434 2493 3477 seu
2562 3435 2679 3498 per
2759 3414 3103 3499 praedictos

998 3515 1387 3602 magistrum
1450 3519 1517 3578 et
1562 3512 1883 3576 scholares
1952 3512 2305 3598 eligendus,
2354 3515 2439 3579 ad
2486 3517 2759 3581 servitia
2821 3518 2998 3582 dicta
3042 3518 3103 3582 ei

997 3615 1449 3682 incumbentia
1478 3612 1911 3698 adimplenda,
1944 3635 2028 3677 ex
2066 3635 2263 3678 causa
2293 3635 2697 3700 quacunque,
2746 3623 2942 3702 aptus
2970 3638 3103 3681 non

998 3717 1214 3793 fuerit,
1261 3737 1302 3780 a
1365 3716 1542 3779 dicta
1602 3715 1792 3777 domo
1838 3718 1907 3777 et
1974 3713 2383 3779 exhibitione
2452 3715 2743 3800 ejusdem
2813 3717 3101 3781 amoveri

998 3819 1288 3904 dispon0‚
1354 3823 1422 3880 et
1469 3817 1669 3880 alium
1732 3816 1872 3879 loco
1918 3815 2075 3900 ejus
2123 3815 2336 3881 forma
2379 3822 2458 3880 ut
2503 3818 2897 3903 praedicitur,
2944 3819 3098 3883 sub-

997 3920 1225 4007 rogari.
1322 3918 1715 4003 Capellanus
1761 3939 1917 3981 vero
1964 3938 2082 4002 pro
2128 3941 2233 3983 me
2280 3924 2349 3983 et
2378 3941 2618 4005 sponsa
2662 3943 2823 3997 mea,
2870 3942 3097 4005 quam-

996 4022 1115 4087 diu
1158 4020 1536 4096 vixerimUS,
1585 4020 1654 4081 in
1700 4018 1877 4081 omni
1925 4018 2031 4083 die
2095 4019 2323 4083 Trium
2385 4021 2785 4100 Lectionum,
2834 4028 3100 4108 praeter-

997 4144 1193 4208 quam
1262 4144 1303 4186 a
1370 4120 1618 4185 Pascha
1678 4141 1881 4202 usque
1944 4120 2029 4183 ad
2091 4121 2333 4186 festum
2403 4122 2662 4189 Sanctae
2731 4124 3097 4200 Trinitatis,
